3734 4734
188 332 198 341 ,
298 210 371 346 αςᾴ
650 314 655 326 .
723 226 727 234 ’
816 222 890 353 'op
910 250 971 325 nr.
1023 252 1073 325 n

275 424 280 435 ‘
302 422 364 517 tis¹
375 417 463 505 iura
477 430 592 501 meru
610 414 782 527 periculi
804 478 930 503 .....
959 416 1163 531 Sententia
1180 417 1462 530 pronuntiata,
1479 418 1606 509 Coel-

304 535 386 620 lare
402 592 415 629 ‚
431 559 517 642 quo
542 532 626 615 Rex
641 555 827 629 venerat,
857 537 1025 643 nuptiae
1046 532 1246 619 festinatae
1269 535 1380 632 sunt,
1411 536 1529 646 copia
1550 535 1605 621 la·

296 647 470 761 ¹ilidium
486 666 531 727 vt
547 666 663 730 antea
676 644 871 745 faciente,
887 649 1029 759 paucis
1046 645 1153 759 apud
1170 674 1321 735 nouam
1338 672 1507 759 nuptam
1522 648 1607 735 die·

307 764 387 849 bus
410 782 616 857 moratur,
640 760 730 845 sunt
746 760 817 871 qui
831 788 910 865 ma
930 784 1091 847 tantum
1114 762 1235 847 nolle
1270 759 1422 848 dicant
1507 759 1607 849 Pro·

305 874 474 964 fetiioni
496 872 664 981 quidem
689 874 841 985 species
869 872 1217 987 praetendebatur,
1227 876 1350 961 initae
1383 879 1490 961 inter
1512 900 1607 987 pro·

308 1017 419 1078 ceres
439 990 763 1075 coniurationes:
789 1018 970 1099 quorum
989 988 1219 1087 conatibus,
1231 1014 1283 1073 ne
1297 1011 1483 1099 ternpore
1510 1016 1607 1075 con-

307 1104 585 1200 firmarentur,
610 1102 913 1189 occurrendum
934 1101 1158 1190 videbatur.
1211 1106 1361 1191 loanna
1376 1106 1524 1191 Castria
1546 1128 1608 1187 re·

308 1222 416 1336 giam
438 1218 718 1303 auctoritatem
738 1220 917 1305 Donniis
939 1219 1231 1329 nominetenus
1254 1218 1466 1317 tuebatur,
1489 1244 1605 1303 acce-

306 1358 399 1449 ptae
424 1333 677 1443 ignominiae
702 1332 885 1417 velamen
907 1331 1124 1418 honestum
1146 1332 1324 1431 scilicet,
1348 1355 1468 1445 atque
1496 1358 1608 1443 prae·

310 1449 478 1537 clarum.
532 1448 705 1532 loannes
726 1444 839 1533 filius
863 1476 911 1532 ex
936 1450 987 1532 iis
1008 1447 1164 1559 nuptiis
1182 1469 1419 1557 procreatus
1439 1450 1506 1551 est,
1524 1470 1606 1529 ma·

310 1564 366 1650 tri
385 1559 584 1661 solamen,
609 1558 798 1645 fortunae
817 1560 1047 1648 ludibrium
1069 1560 1234 1647 futurus
1256 1562 1337 1673 (p).
1390 1564 1474 1648 Rex
1507 1582 1606 1643 vero

310 1678 464 1765 Toleto
496 1676 765 1761 Hinestrosam
792 1677 835 1760 in
861 1674 1100 1761 vlteriorem
1124 1674 1346 1761 castellam
1366 1672 1609 1770 amandauit,

309 1816 353 1878 vt
372 1788 561 1878 Blancam
576 1789 787 1902 Reginam,
801 1785 896 1874 belli
915 1790 1069 1876 causam
1088 1790 1269 1899 captiuae
1287 1790 1404 1873 instar
1422 1790 1465 1875 in
1480 1813 1524 1872 ea
1545 1810 1610 1871 vr·

310 1902 364 1993 be
387 1902 591 1990 ¹custodiae
613 1902 834 1988 mandaret.
911 1904 1048 1989 Graue
1067 1900 1107 1985 id
1133 1901 1345 1988 decretum
1365 1900 1468 2000 fuit,
1491 1902 1609 1985 inno·

313 2020 444 2109 centis
462 2018 619 2129 puellae
638 2018 906 2104 calamitatem
930 2044 1017 2103 non
1032 2044 1114 2103 vno
1133 2017 1232 2101 loco
1251 2019 1474 2103 consistere.
1486 2016 1611 2101 Tern-

310 2136 428 2249 plum
450 2133 699 2218 Toletanum
721 2130 911 2248 ingrella‚
932 2133 1038 2245 quasa
1055 2128 1271 2237 exoluendi
1288 2135 1376 2217 voti
1399 2130 1527 2242 specie
1543 2155 1616 2241 pe·

312 2249 409 2333 dem
439 2244 534 2333 inde
563 2246 702 2332 efferre
723 2247 949 2345 recusauit,
988 2247 1073 2331 loci
1100 2246 1300 2331 sanclitate
1321 2245 1486 2330 salutem
1504 2241 1612 2328 tueri

313 2364 508 2474 cupiens,
533 2363 559 2444 sr
583 2360 683 2471 quid
705 2387 840 2447 tamen
859 2362 1001 2449 audaci
1024 2361 1166 2446 iuueni
1189 2362 1404 2446 temerario
1432 2358 1611 2443 santium

314 2480 502 2565 effer
554 2478 750 2560 Proceres
774 2498 911 2560 autem
945 2474 1147 2562 coniurati
1171 2500 1219 2559 ex
1250 2472 1415 2562 diuersas
1442 2472 1548 2559 locis
1570 2470 1619 2558 in

164 2680 172 2692 ,
312 2616 442 2677 vnum
466 2596 664 2674 co'e‘untes
703 2589 864 2674 circum
891 2586 1180 2687 Tomentum,
1215 2589 1322 2699 quasi
1357 2585 1611 2673 circumselso

218 2810 221 2813 J
313 2707 425 2815 Rege
441 2698 637 2799 tendunt,
662 2704 787 2788 armis
808 2703 934 2787 aeluri
960 2704 1031 2787 nisr
1057 2704 1281 2789 iustissimis
1312 2702 1521 2815 postulatis
1547 2726 1638 2809 an·¹
1679 2758 1682 2765 «

314 2815 471 2905 nuiffet.
529 2812 585 2898 Ea
612 2840 736 2920 erant.
789 2814 853 2901 Ab
876 2820 999 2931 stupri
1022 2816 1215 2905 foeditate
1233 2816 1458 2906 recederet:
1494 2813 1612 2900 Blan-

317 2956 406 3017 cam
429 2927 546 3041 regio
569 2952 665 3017 toro
682 2932 918 3017 restitueret.
996 2929 1189 3019 Padilla'm
1218 2931 1409 3045 pellicem
1434 2929 1548 3045 regni
1568 2922 1615 3009 fia

315 3042 439 3133 nibus
461 3064 625 3151 arceret.
684 3048 784 3132 Eius
816 3048 1072 3160 propinquos
1084 3044 1111 3131 ¹a
1124 3046 1335 3157 republica
1358 3040 1614 3131 amouendos

320 3178 500 3253 ctuaret,
523 3179 647 3268 atque
660 3160 911 3271 perliceret.-
955 3164 1009 3247 Ea
1031 3161 1057 3242 fi
1081 3163 1263 3272 praestita
1285 3162 1437 3257 client,
1463 3160 1522 3243 vti
1544 3182 1615 3240 ne·
1711 3170 1716 3177 '

319 3273 421 3360 celle
441 3294 538 3376 erar,
551 3294 708 3383 paratos
733 3275 807 3359 sese
824 3276 964 3360 omnia
970 3278 984 3374 3
1006 3302 1108 3387 quae
1124 3275 1442 3386 imperarentur,
1469 3270 1614 3355 facere.

317 3388 429 3475 Cum
447 3382 514 3468 his
540 3387 739 3473 mandatis
757 3390 959 3475 Eleonora
979 3388 1207 3501 Aragoniae
1222 3390 1376 3500 Regina
1393 3386 1516 3479 milla,
1528 3404 1613 3489 quo
1700 3436 1704 3439 -

316 3502 458 3589 minus
479 3499 727 3599 violaretur,
759 3503 825 3587 ius
844 3504 1032 3613 gentium
1048 3502 1198 3602 valuit,
1223 3501 1357 3597 sexus,
1375 3492 1623 3610 propinqui·

158 3714 163 3721 .
317 3638 377 3701 tas
391 3678 404 3715 ‚
419 3612 659 3711 austoritas‚
674 3638 824 3699 tutatae
840 3617 951 3718 sunt,
966 3642 1010 3703 re
1029 3616 1197 3713 insella,
1218 3610 1373 3698 dimiffa
1388 3619 1464 3723 (q).
1492 3611 1624 3696 Anno
1664 3630 1685 3659 s

195 3804 206 3813 .
314 3726 565 3819 MCCCLV.
589 3728 735 3813 Blanca
757 3726 912 3839 Regina
935 3729 1174 3845 Seguntiam
1199 3726 1464 3817 custodienda
1481 3746 1617 3925 amag-

353 4040 422 4142 ,(Ρ)
451 4030 558 4107 V²1b²
579 4029 654 4107 sunt
671 4003 865 4105 naaman
886 4026 939 4102 lab.
958 4032 1043 4106 XVI.
1059 4056 1086 4103 c.
1103 4030 1225 4109 XVIII·
1316 4006 1322 4017 ¹

362 4159 424 4255 ((1)
449 4176 643 4253 Montana
662 4146 811 4227 lilxlsl.
826 4150 929 4225 all.
1234 4153 1236 4161 ι
