<?xml version="1.0" encoding="UTF-8"?>
<!DOCTYPE html PUBLIC "-//W3C//DTD XHTML 1.0 Transitional//EN"
    "http://www.w3.org/TR/xhtml1/DTD/xhtml1-transitional.dtd">
<html xmlns="http://www.w3.org/1999/xhtml" xml:lang="en" lang="en">
 <head>
  <title>
</title>
<meta http-equiv="Content-Type" content="text/html;charset=utf-8" />
  <meta name='ocr-system' content='tesseract 3.04.00' />
  <meta name='ocr-capabilities' content='ocr_page ocr_carea ocr_par ocr_line ocrx_word'/>
</head>
<body>
  <div class='ocr_page' id='page_1' title='image "./dbvrcardgotthel01hoffgoog_0271.png"; bbox 0 0 3734 4734; ppageno 0'>
   <div class='ocr_carea' id='block_1_1' title="bbox 712 238 1564 349">
    <p class='ocr_par' dir='ltr' id='par_1_1' title="bbox 712 238 1564 349">
     <span class='ocr_line' id='line_1_1' title="bbox 712 238 1564 349; baseline -0.001 -25"><span class='ocrx_word' id='word_1_1' title='bbox 712 250 878 345; x_wconf 61' lang='lat' dir='ltr'>mrim</span> <span class='ocrx_word' id='word_1_2' title='bbox 913 238 1112 327; x_wconf 63' lang='lat' dir='ltr'>‘comesset</span> <span class='ocrx_word' id='word_1_3' title='bbox 1370 313 1375 326; x_wconf 92' lang='lat'>.</span> <span class='ocrx_word' id='word_1_4' title='bbox 1495 275 1564 349; x_wconf 74' lang='lat'>231</span> 
     </span>
    </p>
   </div>
   <div class='ocr_carea' id='block_1_2' title="bbox 200 416 1563 2134">
    <p class='ocr_par' dir='ltr' id='par_1_2' title="bbox 200 416 1563 2134">
     <span class='ocr_line' id='line_1_2' title="bbox 256 416 1563 537; baseline 0.001 -31"><span class='ocrx_word' id='word_1_5' title='bbox 256 421 331 537; x_wconf 77' lang='lat' dir='ltr'>gio</span> <span class='ocrx_word' id='word_1_6' title='bbox 355 418 523 515; x_wconf 80' lang='lat' dir='ltr'>inserti,</span> <span class='ocrx_word' id='word_1_7' title='bbox 545 416 791 530; x_wconf 81' lang='lat' dir='ltr'>aregioque</span> <span class='ocrx_word' id='word_1_8' title='bbox 812 416 992 505; x_wconf 76' lang='lat' dir='ltr'>deduffl.</span> <span class='ocrx_word' id='word_1_9' title='bbox 1044 420 1252 505; x_wconf 86' lang='lat' dir='ltr'>Neutrum</span> <span class='ocrx_word' id='word_1_10' title='bbox 1282 416 1406 505; x_wconf 89' lang='lat' dir='ltr'>uobis</span> <span class='ocrx_word' id='word_1_11' title='bbox 1430 423 1563 507; x_wconf 79' lang='lat' dir='ltr'>verist-</span> 
     </span>
     <span class='ocr_line' id='line_1_3' title="bbox 252 532 1561 645; baseline -0.001 -22"><span class='ocrx_word' id='word_1_12' title='bbox 252 537 354 623; x_wconf 89' lang='lat' dir='ltr'>mile</span> <span class='ocrx_word' id='word_1_13' title='bbox 372 534 503 619; x_wconf 85' lang='lat' dir='ltr'>visum</span> <span class='ocrx_word' id='word_1_14' title='bbox 518 534 601 617; x_wconf 75' lang='lat' dir='ltr'>esta</span> <span class='ocrx_word' id='word_1_15' title='bbox 626 558 676 617; x_wconf 84' lang='lat' dir='ltr'>ac</span> <span class='ocrx_word' id='word_1_16' title='bbox 702 532 865 619; x_wconf 86' lang='lat' dir='ltr'>credam</span> <span class='ocrx_word' id='word_1_17' title='bbox 880 536 1044 645; x_wconf 86' lang='lat' dir='ltr'>potius,</span> <span class='ocrx_word' id='word_1_18' title='bbox 1068 532 1136 619; x_wconf 87' lang='lat' dir='ltr'>vbi</span> <span class='ocrx_word' id='word_1_19' title='bbox 1156 536 1249 619; x_wconf 88' lang='lat' dir='ltr'>tetri</span> <span class='ocrx_word' id='word_1_20' title='bbox 1273 535 1425 629; x_wconf 83' lang='lat' dir='ltr'>amoris</span> <span class='ocrx_word' id='word_1_21' title='bbox 1450 538 1561 623; x_wconf 87' lang='lat' dir='ltr'>flam·</span> 
     </span>
     <span class='ocr_line' id='line_1_4' title="bbox 254 644 1561 763; baseline -0.001 -27"><span class='ocrx_word' id='word_1_22' title='bbox 254 678 321 736; x_wconf 83' lang='lat' dir='ltr'>ma</span> <span class='ocrx_word' id='word_1_23' title='bbox 344 650 499 763; x_wconf 68' lang='lat' dir='ltr'>pedori</span> <span class='ocrx_word' id='word_1_24' title='bbox 515 644 730 745; x_wconf 74' lang='lat' dir='ltr'>insederit,</span> <span class='ocrx_word' id='word_1_25' title='bbox 753 674 840 734; x_wconf 84' lang='lat' dir='ltr'>nou</span> <span class='ocrx_word' id='word_1_26' title='bbox 855 648 931 735; x_wconf 89' lang='lat' dir='ltr'>alia</span> <span class='ocrx_word' id='word_1_27' title='bbox 947 648 1098 760; x_wconf 83' lang='lat' dir='ltr'>philtra</span> <span class='ocrx_word' id='word_1_28' title='bbox 1111 648 1304 735; x_wconf 90' lang='lat' dir='ltr'>amatoria</span> <span class='ocrx_word' id='word_1_29' title='bbox 1321 650 1561 761; x_wconf 89' lang='lat' dir='ltr'>quaerenda,</span> 
     </span>
     <span class='ocr_line' id='line_1_5' title="bbox 229 761 1555 876; baseline 0 -25"><span class='ocrx_word' id='word_1_30' title='bbox 229 792 391 875; x_wconf 81' lang='lat' dir='ltr'>-neque</span> <span class='ocrx_word' id='word_1_31' title='bbox 419 763 515 847; x_wconf 90' lang='lat' dir='ltr'>alias</span> <span class='ocrx_word' id='word_1_32' title='bbox 541 761 774 847; x_wconf 73' lang='lat' dir='ltr'>offensionis</span> <span class='ocrx_word' id='word_1_33' title='bbox 807 764 939 847; x_wconf 79' lang='lat' dir='ltr'>causas</span> <span class='ocrx_word' id='word_1_34' title='bbox 965 766 1215 875; x_wconf 85' lang='lat' dir='ltr'>praepostere</span> <span class='ocrx_word' id='word_1_35' title='bbox 1246 764 1555 876; x_wconf 81' lang='lat' dir='ltr'>excogitandas:</span> 
     </span>
     <span class='ocr_line' id='line_1_6' title="bbox 200 874 1556 991; baseline 0.001 -27"><span class='ocrx_word' id='word_1_36' title='bbox 200 926 210 933; x_wconf 95' lang='lat'><strong>·</strong></span> <span class='ocrx_word' id='word_1_37' title='bbox 254 904 300 965; x_wconf 80' lang='lat' dir='ltr'>vt</span> <span class='ocrx_word' id='word_1_38' title='bbox 319 878 483 963; x_wconf 85' lang='lat' dir='ltr'>iuuenis</span> <span class='ocrx_word' id='word_1_39' title='bbox 505 876 668 961; x_wconf 88' lang='lat' dir='ltr'>animus</span> <span class='ocrx_word' id='word_1_40' title='bbox 687 876 732 959; x_wconf 91' lang='lat' dir='ltr'>in</span> <span class='ocrx_word' id='word_1_41' title='bbox 757 874 944 963; x_wconf 85' lang='lat' dir='ltr'>furorem</span> <span class='ocrx_word' id='word_1_42' title='bbox 960 879 1024 991; x_wconf 83' lang='lat' dir='ltr'>agi</span> <span class='ocrx_word' id='word_1_43' title='bbox 1042 938 1055 973; x_wconf 88' lang='lat'>,</span> <span class='ocrx_word' id='word_1_44' title='bbox 1080 900 1121 961; x_wconf 90' lang='lat' dir='ltr'>et</span> <span class='ocrx_word' id='word_1_45' title='bbox 1144 875 1195 963; x_wconf 92' lang='lat' dir='ltr'>de</span> <span class='ocrx_word' id='word_1_46' title='bbox 1216 882 1411 987; x_wconf 87' lang='lat' dir='ltr'>potestate</span> <span class='ocrx_word' id='word_1_47' title='bbox 1441 906 1556 970; x_wconf 88' lang='lat' dir='ltr'>men·</span> 
     </span>
     <span class='ocr_line' id='line_1_7' title="bbox 254 988 1558 1105; baseline 0.005 -29"><span class='ocrx_word' id='word_1_48' title='bbox 254 996 310 1105; x_wconf 80' lang='lat' dir='ltr'>tis</span> <span class='ocrx_word' id='word_1_49' title='bbox 333 992 468 1077; x_wconf 77' lang='lat' dir='ltr'>exiisse</span> <span class='ocrx_word' id='word_1_50' title='bbox 490 988 712 1075; x_wconf 74' lang='lat' dir='ltr'>rideretur.</span> <span class='ocrx_word' id='word_1_51' title='bbox 767 988 1241 1077; x_wconf 88' lang='lat' dir='ltr'>VallisoletoOlmedum</span> <span class='ocrx_word' id='word_1_52' title='bbox 1254 994 1336 1079; x_wconf 84' lang='lat' dir='ltr'>Rex</span> <span class='ocrx_word' id='word_1_53' title='bbox 1354 988 1474 1091; x_wconf 91' lang='lat' dir='ltr'>abiit,</span> <span class='ocrx_word' id='word_1_54' title='bbox 1496 994 1558 1083; x_wconf 90' lang='lat' dir='ltr'>lo·</span> 
     </span>
     <span class='ocr_line' id='line_1_8' title="bbox 229 1102 1560 1216; baseline 0.005 -26"><span class='ocrx_word' id='word_1_55' title='bbox 229 1109 233 1115; x_wconf 83' lang='grc'>’</span> <span class='ocrx_word' id='word_1_56' title='bbox 255 1110 317 1195; x_wconf 79' lang='lat' dir='ltr'>eis</span> <span class='ocrx_word' id='word_1_57' title='bbox 330 1102 520 1190; x_wconf 86' lang='lat' dir='ltr'>finitimis</span> <span class='ocrx_word' id='word_1_58' title='bbox 538 1105 659 1189; x_wconf 76' lang='lat' dir='ltr'>strum</span> <span class='ocrx_word' id='word_1_59' title='bbox 673 1102 891 1216; x_wconf 87' lang='lat' dir='ltr'>oppidum.</span> <span class='ocrx_word' id='word_1_60' title='bbox 945 1104 1101 1191; x_wconf 85' lang='lat' dir='ltr'>Eodem</span> <span class='ocrx_word' id='word_1_61' title='bbox 1122 1106 1255 1191; x_wconf 85' lang='lat' dir='ltr'>Maria</span> <span class='ocrx_word' id='word_1_62' title='bbox 1284 1105 1436 1191; x_wconf 82' lang='lat' dir='ltr'>Fadilla</span> <span class='ocrx_word' id='word_1_63' title='bbox 1466 1108 1560 1201; x_wconf 82' lang='lat' dir='ltr'>eius</span> 
     </span>
     <span class='ocr_line' id='line_1_9' title="bbox 253 1218 1561 1353; baseline 0.003 -46"><span class='ocrx_word' id='word_1_64' title='bbox 253 1223 389 1309; x_wconf 87' lang='lat' dir='ltr'>accitu</span> <span class='ocrx_word' id='word_1_65' title='bbox 413 1218 568 1303; x_wconf 83' lang='lat' dir='ltr'>Toleto</span> <span class='ocrx_word' id='word_1_66' title='bbox 584 1219 718 1317; x_wconf 86' lang='lat' dir='ltr'>venit,</span> <span class='ocrx_word' id='word_1_67' title='bbox 743 1220 937 1353; x_wconf 63' lang='lat' dir='ltr'>coniugis</span> <span class='ocrx_word' id='word_1_68' title='bbox 965 1221 1143 1335; x_wconf 84' lang='lat' dir='ltr'>Reginae</span> <span class='ocrx_word' id='word_1_69' title='bbox 1169 1218 1282 1307; x_wconf 88' lang='lat' dir='ltr'>nulla</span> <span class='ocrx_word' id='word_1_70' title='bbox 1296 1218 1475 1331; x_wconf 89' lang='lat' dir='ltr'>amplius</span> <span class='ocrx_word' id='word_1_71' title='bbox 1490 1250 1561 1311; x_wconf 83' lang='lat' dir='ltr'>ne·</span> 
     </span>
     <span class='ocr_line' id='line_1_10' title="bbox 254 1331 1558 1451; baseline 0.002 -30"><span class='ocrx_word' id='word_1_72' title='bbox 254 1364 335 1449; x_wconf 88' lang='lat' dir='ltr'>que</span> <span class='ocrx_word' id='word_1_73' title='bbox 357 1331 581 1429; x_wconf 89' lang='lat' dir='ltr'>memoria,</span> <span class='ocrx_word' id='word_1_74' title='bbox 614 1358 749 1444; x_wconf 86' lang='lat' dir='ltr'>neque</span> <span class='ocrx_word' id='word_1_75' title='bbox 776 1336 1033 1421; x_wconf 83' lang='lat' dir='ltr'>miseratione</span> <span class='ocrx_word' id='word_1_76' title='bbox 1051 1396 1199 1420; x_wconf 91' lang='grc'><strong>......</strong></span> <span class='ocrx_word' id='word_1_77' title='bbox 1256 1334 1405 1422; x_wconf 91' lang='lat' dir='ltr'>Blanca</span> <span class='ocrx_word' id='word_1_78' title='bbox 1436 1338 1558 1451; x_wconf 83' lang='lat' dir='ltr'>Regi·</span> 
     </span>
     <span class='ocr_line' id='line_1_11' title="bbox 252 1444 1560 1563; baseline 0.003 -30"><span class='ocrx_word' id='word_1_79' title='bbox 252 1478 302 1533; x_wconf 87' lang='lat' dir='ltr'>na</span> <span class='ocrx_word' id='word_1_80' title='bbox 318 1447 486 1535; x_wconf 87' lang='lat' dir='ltr'>Medina</span> <span class='ocrx_word' id='word_1_81' title='bbox 507 1446 729 1557; x_wconf 86' lang='lat' dir='ltr'>Campestri</span> <span class='ocrx_word' id='word_1_82' title='bbox 745 1444 842 1545; x_wconf 86' lang='lat' dir='ltr'>,vbi</span> <span class='ocrx_word' id='word_1_83' title='bbox 860 1477 968 1535; x_wconf 89' lang='lat' dir='ltr'>cum</span> <span class='ocrx_word' id='word_1_84' title='bbox 981 1451 1137 1563; x_wconf 85' lang='lat' dir='ltr'>Regina</span> <span class='ocrx_word' id='word_1_85' title='bbox 1160 1448 1277 1533; x_wconf 88' lang='lat' dir='ltr'>socru</span> <span class='ocrx_word' id='word_1_86' title='bbox 1296 1444 1478 1537; x_wconf 81' lang='lat' dir='ltr'>honestis</span> <span class='ocrx_word' id='word_1_87' title='bbox 1494 1452 1560 1541; x_wconf 86' lang='lat' dir='ltr'>s0·.</span> 
     </span>
     <span class='ocr_line' id='line_1_12' title="bbox 251 1558 1560 1675; baseline 0 -28"><span class='ocrx_word' id='word_1_88' title='bbox 251 1563 361 1647; x_wconf 81' lang='lat' dir='ltr'>latiis</span> <span class='ocrx_word' id='word_1_89' title='bbox 383 1564 508 1647; x_wconf 84' lang='lat' dir='ltr'>vitam</span> <span class='ocrx_word' id='word_1_90' title='bbox 535 1560 755 1656; x_wconf 84' lang='lat' dir='ltr'>tolerabat,</span> <span class='ocrx_word' id='word_1_91' title='bbox 798 1566 913 1673; x_wconf 76' lang='lat' dir='ltr'>prius</span> <span class='ocrx_word' id='word_1_92' title='bbox 969 1558 1245 1673; x_wconf 89' lang='lat' dir='ltr'>ropemodum</span> <span class='ocrx_word' id='word_1_93' title='bbox 1277 1560 1398 1648; x_wconf 89' lang='lat' dir='ltr'>vidua</span> <span class='ocrx_word' id='word_1_94' title='bbox 1432 1592 1560 1675; x_wconf 86' lang='lat' dir='ltr'>quam</span> 
     </span>
     <span class='ocr_line' id='line_1_13' title="bbox 229 1666 1556 1774; baseline 0.002 -11"><span class='ocrx_word' id='word_1_95' title='bbox 229 1676 405 1768; x_wconf 49' lang='lat' dir='ltr'>econius</span> <span class='ocrx_word' id='word_1_96' title='bbox 421 1674 644 1760; x_wconf 80' lang='lat' dir='ltr'>Areutlum</span> <span class='ocrx_word' id='word_1_97' title='bbox 672 1668 792 1762; x_wconf 65' lang='lat' dir='ltr'>&#39;duda</span> <span class='ocrx_word' id='word_1_98' title='bbox 815 1681 898 1774; x_wconf 84' lang='lat' dir='ltr'>est,</span> <span class='ocrx_word' id='word_1_99' title='bbox 940 1666 1080 1763; x_wconf 88' lang='lat' dir='ltr'>ublato</span> <span class='ocrx_word' id='word_1_100' title='bbox 1098 1678 1221 1763; x_wconf 89' lang='lat' dir='ltr'>etiam</span> <span class='ocrx_word' id='word_1_101' title='bbox 1244 1677 1441 1766; x_wconf 79' lang='lat' dir='ltr'>sennonis</span> <span class='ocrx_word' id='word_1_102' title='bbox 1458 1704 1556 1773; x_wconf 91' lang='lat' dir='ltr'>cum</span> 
     </span>
     <span class='ocr_line' id='line_1_14' title="bbox 250 1786 1557 1900; baseline 0.006 -26"><span class='ocrx_word' id='word_1_103' title='bbox 250 1791 390 1890; x_wconf 86' lang='lat' dir='ltr'>socru,</span> <span class='ocrx_word' id='word_1_104' title='bbox 427 1786 601 1898; x_wconf 87' lang='lat' dir='ltr'>aliisque</span> <span class='ocrx_word' id='word_1_105' title='bbox 627 1789 892 1900; x_wconf 82' lang='lat' dir='ltr'>Principibus</span> <span class='ocrx_word' id='word_1_106' title='bbox 926 1792 1182 1879; x_wconf 88' lang='lat' dir='ltr'>commercio</span> <span class='ocrx_word' id='word_1_107' title='bbox 1199 1855 1323 1885; x_wconf 87' lang='grc'><strong>.....</strong></span> <span class='ocrx_word' id='word_1_108' title='bbox 1352 1794 1436 1880; x_wconf 89' lang='lat' dir='ltr'>Rex</span> <span class='ocrx_word' id='word_1_109' title='bbox 1458 1820 1557 1882; x_wconf 80' lang='lat' dir='ltr'>vem</span> 
     </span>
     <span class='ocr_line' id='line_1_15' title="bbox 247 1900 1556 2021; baseline 0.003 -32"><span class='ocrx_word' id='word_1_110' title='bbox 247 1906 286 1989; x_wconf 81' lang='lat' dir='ltr'>se</span> <span class='ocrx_word' id='word_1_111' title='bbox 306 1928 348 1989; x_wconf 91' lang='lat' dir='ltr'>et</span> <span class='ocrx_word' id='word_1_112' title='bbox 368 1900 680 2015; x_wconf 83' lang='lat' dir='ltr'>Rempublicam</span> <span class='ocrx_word' id='word_1_113' title='bbox 695 1906 850 1991; x_wconf 86' lang='lat' dir='ltr'>Mariae</span> <span class='ocrx_word' id='word_1_114' title='bbox 872 1908 1118 2019; x_wconf 85' lang='lat' dir='ltr'>propinquis</span> <span class='ocrx_word' id='word_1_115' title='bbox 1143 1902 1456 2021; x_wconf 86' lang='lat' dir='ltr'>gubernandum</span> <span class='ocrx_word' id='word_1_116' title='bbox 1478 1931 1556 1993; x_wconf 81' lang='lat' dir='ltr'>tra-</span> 
     </span>
     <span class='ocr_line' id='line_1_16' title="bbox 249 2014 1554 2134; baseline 0.004 -32"><span class='ocrx_word' id='word_1_117' title='bbox 249 2018 418 2116; x_wconf 80' lang='lat' dir='ltr'>diderat,</span> <span class='ocrx_word' id='word_1_118' title='bbox 440 2046 590 2103; x_wconf 88' lang='lat' dir='ltr'>eorum</span> <span class='ocrx_word' id='word_1_119' title='bbox 613 2014 832 2115; x_wconf 87' lang='lat' dir='ltr'>arbitratu,</span> <span class='ocrx_word' id='word_1_120' title='bbox 848 2017 947 2106; x_wconf 90' lang='lat' dir='ltr'>belli</span> <span class='ocrx_word' id='word_1_121' title='bbox 971 2044 1013 2107; x_wconf 94' lang='lat' dir='ltr'>et</span> <span class='ocrx_word' id='word_1_122' title='bbox 1035 2022 1145 2131; x_wconf 80' lang='lat' dir='ltr'>pacis</span> <span class='ocrx_word' id='word_1_123' title='bbox 1176 2020 1343 2107; x_wconf 88' lang='lat' dir='ltr'>consrlia</span> <span class='ocrx_word' id='word_1_124' title='bbox 1359 2016 1554 2134; x_wconf 83' lang='lat' dir='ltr'>gereban-</span> 
     </span>
    </p>
   </div>
   <div class='ocr_carea' id='block_1_3' title="bbox 247 2134 1674 2247">
    <p class='ocr_par' dir='ltr' id='par_1_3' title="bbox 247 2134 1674 2247">
     <span class='ocr_line' id='line_1_17' title="bbox 247 2134 1674 2247; baseline -0.001 -29"><span class='ocrx_word' id='word_1_125' title='bbox 247 2156 330 2223; x_wconf 81' lang='lat' dir='ltr'>tur.</span> <span class='ocrx_word' id='word_1_126' title='bbox 385 2136 581 2219; x_wconf 87' lang='lat' dir='ltr'>Proceres</span> <span class='ocrx_word' id='word_1_127' title='bbox 605 2134 761 2243; x_wconf 78' lang='lat' dir='ltr'>ipsique</span> <span class='ocrx_word' id='word_1_128' title='bbox 789 2136 915 2247; x_wconf 82' lang='lat' dir='ltr'>Regis</span> <span class='ocrx_word' id='word_1_129' title='bbox 944 2134 1086 2219; x_wconf 85' lang='lat' dir='ltr'>fratres</span> <span class='ocrx_word' id='word_1_130' title='bbox 1111 2137 1290 2245; x_wconf 85' lang='lat' dir='ltr'>tempori</span> <span class='ocrx_word' id='word_1_131' title='bbox 1313 2136 1472 2231; x_wconf 87' lang='lat' dir='ltr'>seruire,</span> <span class='ocrx_word' id='word_1_132' title='bbox 1494 2148 1553 2221; x_wconf 56' lang='lat' dir='ltr'>at*</span> <span class='ocrx_word' id='word_1_133' title='bbox 1672 2178 1674 2185; x_wconf 36' lang='lat' dir='ltr'>v</span> 
     </span>
    </p>
   </div>
   <div class='ocr_carea' id='block_1_4' title="bbox 156 2244 1553 2817">
    <p class='ocr_par' dir='ltr' id='par_1_4' title="bbox 156 2244 1553 2817">
     <span class='ocr_line' id='line_1_18' title="bbox 248 2244 1553 2360; baseline 0.004 -27"><span class='ocrx_word' id='word_1_134' title='bbox 248 2276 330 2359; x_wconf 85' lang='lat' dir='ltr'>que</span> <span class='ocrx_word' id='word_1_135' title='bbox 352 2244 402 2331; x_wconf 89' lang='lat' dir='ltr'>ad</span> <span class='ocrx_word' id='word_1_136' title='bbox 421 2246 611 2332; x_wconf 87' lang='lat' dir='ltr'>fortunae</span> <span class='ocrx_word' id='word_1_137' title='bbox 633 2267 801 2360; x_wconf 90' lang='lat' dir='ltr'>motum</span> <span class='ocrx_word' id='word_1_138' title='bbox 831 2253 868 2330; x_wconf 91' lang='lat' dir='ltr'>se</span> <span class='ocrx_word' id='word_1_139' title='bbox 890 2275 1083 2333; x_wconf 86' lang='lat' dir='ltr'>mouere:</span> <span class='ocrx_word' id='word_1_140' title='bbox 1123 2244 1172 2331; x_wconf 93' lang='lat' dir='ltr'>ad</span> <span class='ocrx_word' id='word_1_141' title='bbox 1202 2248 1355 2337; x_wconf 86' lang='lat' dir='ltr'>Mariae</span> <span class='ocrx_word' id='word_1_142' title='bbox 1381 2250 1553 2359; x_wconf 81' lang='lat' dir='ltr'>gratiam</span> 
     </span>
     <span class='ocr_line' id='line_1_19' title="bbox 247 2356 1552 2471; baseline 0 -22"><span class='ocrx_word' id='word_1_143' title='bbox 247 2360 400 2461; x_wconf 84' lang='lat' dir='ltr'>donis,</span> <span class='ocrx_word' id='word_1_144' title='bbox 429 2356 603 2458; x_wconf 85' lang='lat' dir='ltr'>officiis,</span> <span class='ocrx_word' id='word_1_145' title='bbox 643 2358 931 2459; x_wconf 69' lang='lat' dir='ltr'>assentatione,</span> <span class='ocrx_word' id='word_1_146' title='bbox 972 2358 1129 2445; x_wconf 91' lang='lat' dir='ltr'>aditum</span> <span class='ocrx_word' id='word_1_147' title='bbox 1163 2360 1346 2447; x_wconf 86' lang='lat' dir='ltr'>certatim</span> <span class='ocrx_word' id='word_1_148' title='bbox 1379 2386 1552 2471; x_wconf 86' lang='lat' dir='ltr'>captare,</span> 
     </span>
     <span class='ocr_line' id='line_1_20' title="bbox 245 2470 1549 2589; baseline -0.002 -30"><span class='ocrx_word' id='word_1_149' title='bbox 245 2474 366 2589; x_wconf 72' lang='lat' dir='ltr'>foeda</span> <span class='ocrx_word' id='word_1_150' title='bbox 399 2502 538 2560; x_wconf 88' lang='lat' dir='ltr'>rerum</span> <span class='ocrx_word' id='word_1_151' title='bbox 565 2494 655 2559; x_wconf 90' lang='lat' dir='ltr'>tota</span> <span class='ocrx_word' id='word_1_152' title='bbox 686 2476 904 2586; x_wconf 84' lang='lat' dir='ltr'>prouincia</span> <span class='ocrx_word' id='word_1_153' title='bbox 939 2474 1127 2561; x_wconf 87' lang='lat' dir='ltr'>colluuio</span> <span class='ocrx_word' id='word_1_154' title='bbox 1145 2538 1155 2561; x_wconf 90' lang='lat'>.</span> <span class='ocrx_word' id='word_1_155' title='bbox 1175 2538 1185 2559; x_wconf 95' lang='lat'><strong>.</strong></span> <span class='ocrx_word' id='word_1_156' title='bbox 1202 2535 1242 2558; x_wconf 88' lang='lat'>..</span> <span class='ocrx_word' id='word_1_157' title='bbox 1311 2470 1424 2561; x_wconf 88' lang='lat' dir='ltr'>Idem</span> <span class='ocrx_word' id='word_1_158' title='bbox 1442 2478 1549 2575; x_wconf 81' lang='lat' dir='ltr'>Rex,</span> 
     </span>
     <span class='ocr_line' id='line_1_21' title="bbox 156 2586 1553 2705; baseline 0.002 -33"><span class='ocrx_word' id='word_1_159' title='bbox 156 2679 160 2687; x_wconf 60' lang='grc'><strong>,</strong></span> <span class='ocrx_word' id='word_1_160' title='bbox 246 2616 326 2701; x_wconf 83' lang='lat' dir='ltr'>qua</span> <span class='ocrx_word' id='word_1_161' title='bbox 348 2591 576 2673; x_wconf 82' lang='lat' dir='ltr'>instituerat</span> <span class='ocrx_word' id='word_1_162' title='bbox 590 2586 798 2687; x_wconf 89' lang='lat' dir='ltr'>socordia,</span> <span class='ocrx_word' id='word_1_163' title='bbox 822 2616 941 2675; x_wconf 87' lang='lat' dir='ltr'>nouo</span> <span class='ocrx_word' id='word_1_164' title='bbox 965 2589 1123 2705; x_wconf 87' lang='lat' dir='ltr'>flagitio</span> <span class='ocrx_word' id='word_1_165' title='bbox 1146 2590 1284 2702; x_wconf 88' lang='lat' dir='ltr'>priora</span> <span class='ocrx_word' id='word_1_166' title='bbox 1315 2588 1460 2677; x_wconf 87' lang='lat' dir='ltr'>scelera</span> <span class='ocrx_word' id='word_1_167' title='bbox 1483 2616 1553 2675; x_wconf 71' lang='lat' dir='ltr'>cu«</span> 
     </span>
     <span class='ocr_line' id='line_1_22' title="bbox 243 2701 1550 2817; baseline 0.001 -27"><span class='ocrx_word' id='word_1_168' title='bbox 243 2704 439 2790; x_wconf 87' lang='lat' dir='ltr'>mulauit:</span> <span class='ocrx_word' id='word_1_169' title='bbox 467 2703 555 2787; x_wconf 89' lang='lat' dir='ltr'>vtst</span> <span class='ocrx_word' id='word_1_170' title='bbox 577 2701 757 2789; x_wconf 74' lang='lat' dir='ltr'>diorum</span> <span class='ocrx_word' id='word_1_171' title='bbox 780 2702 995 2817; x_wconf 88' lang='lat' dir='ltr'>turpitudo</span> <span class='ocrx_word' id='word_1_172' title='bbox 1013 2704 1185 2793; x_wconf 83' lang='lat' dir='ltr'>excusari</span> <span class='ocrx_word' id='word_1_173' title='bbox 1207 2704 1356 2817; x_wconf 82' lang='lat' dir='ltr'>posset,</span> <span class='ocrx_word' id='word_1_174' title='bbox 1372 2702 1457 2791; x_wconf 89' lang='lat' dir='ltr'>hoc</span> <span class='ocrx_word' id='word_1_175' title='bbox 1472 2705 1550 2793; x_wconf 88' lang='lat' dir='ltr'>cri·</span> 
     </span>
    </p>
   </div>
   <div class='ocr_carea' id='block_1_5' title="bbox 184 2790 1734 2931">
    <p class='ocr_par' dir='ltr' id='par_1_5' title="bbox 184 2790 1734 2931">
     <span class='ocr_line' id='line_1_23' title="bbox 184 2790 1734 2931; baseline -0.003 -23"><span class='ocrx_word' id='word_1_176' title='bbox 184 2840 190 2849; x_wconf 83' lang='grc'><em>“</em></span> <span class='ocrx_word' id='word_1_177' title='bbox 242 2818 355 2905; x_wconf 87' lang='lat' dir='ltr'>mine</span> <span class='ocrx_word' id='word_1_178' title='bbox 382 2820 547 2931; x_wconf 86' lang='lat' dir='ltr'>penitus</span> <span class='ocrx_word' id='word_1_179' title='bbox 576 2812 787 2903; x_wconf 87' lang='lat' dir='ltr'>obruatur.</span> <span class='ocrx_word' id='word_1_180' title='bbox 870 2822 1022 2905; x_wconf 88' lang='lat' dir='ltr'>Ioanna</span> <span class='ocrx_word' id='word_1_181' title='bbox 1044 2820 1219 2917; x_wconf 88' lang='lat' dir='ltr'>Castria,</span> <span class='ocrx_word' id='word_1_182' title='bbox 1248 2816 1421 2931; x_wconf 81' lang='lat' dir='ltr'>Diegho</span> <span class='ocrx_word' id='word_1_183' title='bbox 1437 2822 1549 2907; x_wconf 88' lang='lat' dir='ltr'>Haro</span> <span class='ocrx_word' id='word_1_184' title='bbox 1615 2845 1618 2853; x_wconf 86' lang='grc'><strong>’</strong></span> <span class='ocrx_word' id='word_1_185' title='bbox 1678 2862 1683 2873; x_wconf 76' lang='lat'>=</span> <span class='ocrx_word' id='word_1_186' title='bbox 1732 2790 1734 2797; x_wconf 17' lang='grc' dir='ltr'>Ι</span> 
     </span>
    </p>
   </div>
   <div class='ocr_carea' id='block_1_6' title="bbox 191 2924 1652 4151">
    <p class='ocr_par' dir='ltr' id='par_1_6' title="bbox 191 2924 1652 4084">
     <span class='ocr_line' id='line_1_24' title="bbox 243 2924 1550 3045; baseline 0.001 -24"><span class='ocrx_word' id='word_1_187' title='bbox 243 2924 393 3021; x_wconf 84' lang='lat' dir='ltr'>marito</span> <span class='ocrx_word' id='word_1_188' title='bbox 411 2930 627 3027; x_wconf 69' lang='lat' dir='ltr'>defimdlo,</span> <span class='ocrx_word' id='word_1_189' title='bbox 653 2930 798 3035; x_wconf 87' lang='lat' dir='ltr'>vidua,</span> <span class='ocrx_word' id='word_1_190' title='bbox 815 2934 883 3019; x_wconf 87' lang='lat' dir='ltr'>cui</span> <span class='ocrx_word' id='word_1_191' title='bbox 907 2934 1042 3017; x_wconf 88' lang='lat' dir='ltr'>forma</span> <span class='ocrx_word' id='word_1_192' title='bbox 1067 2934 1291 3045; x_wconf 86' lang='lat' dir='ltr'>comparari</span> <span class='ocrx_word' id='word_1_193' title='bbox 1307 2933 1418 3019; x_wconf 87' lang='lat' dir='ltr'>nulla</span> <span class='ocrx_word' id='word_1_194' title='bbox 1436 2958 1550 3045; x_wconf 58' lang='lat' dir='ltr'>potes</span> 
     </span>
     <span class='ocr_line' id='line_1_25' title="bbox 242 3043 1652 3160; baseline 0.001 -29"><span class='ocrx_word' id='word_1_195' title='bbox 242 3068 322 3151; x_wconf 88' lang='lat' dir='ltr'>rat,</span> <span class='ocrx_word' id='word_1_196' title='bbox 347 3046 495 3160; x_wconf 76' lang='lat' dir='ltr'>inligari</span> <span class='ocrx_word' id='word_1_197' title='bbox 521 3043 744 3157; x_wconf 89' lang='lat' dir='ltr'>pudicitiae</span> <span class='ocrx_word' id='word_1_198' title='bbox 772 3044 916 3144; x_wconf 87' lang='lat' dir='ltr'>laude,</span> <span class='ocrx_word' id='word_1_199' title='bbox 948 3044 1156 3131; x_wconf 87' lang='lat' dir='ltr'>viduitatis</span> <span class='ocrx_word' id='word_1_200' title='bbox 1191 3045 1457 3133; x_wconf 89' lang='lat' dir='ltr'>incommoda</span> <span class='ocrx_word' id='word_1_201' title='bbox 1486 3048 1547 3135; x_wconf 88' lang='lat' dir='ltr'>su·</span> <span class='ocrx_word' id='word_1_202' title='bbox 1650 3050 1652 3057; x_wconf 73' lang='lat'>&#39;</span> 
     </span>
     <span class='ocr_line' id='line_1_26' title="bbox 242 3154 1547 3273; baseline -0.003 -26"><span class='ocrx_word' id='word_1_203' title='bbox 242 3157 457 3259; x_wconf 84' lang='lat' dir='ltr'>stentabat,</span> <span class='ocrx_word' id='word_1_204' title='bbox 480 3161 525 3244; x_wconf 92' lang='lat' dir='ltr'>in</span> <span class='ocrx_word' id='word_1_205' title='bbox 545 3187 634 3247; x_wconf 88' lang='lat' dir='ltr'>eam</span> <span class='ocrx_word' id='word_1_206' title='bbox 659 3161 743 3245; x_wconf 85' lang='lat' dir='ltr'>Rex</span> <span class='ocrx_word' id='word_1_207' title='bbox 765 3162 905 3273; x_wconf 87' lang='lat' dir='ltr'>prauis</span> <span class='ocrx_word' id='word_1_208' title='bbox 932 3154 1229 3270; x_wconf 87' lang='lat' dir='ltr'>cupiditatibus</span> <span class='ocrx_word' id='word_1_209' title='bbox 1251 3159 1451 3269; x_wconf 89' lang='lat' dir='ltr'>imperare</span> <span class='ocrx_word' id='word_1_210' title='bbox 1466 3182 1547 3243; x_wconf 76' lang='lat' dir='ltr'>‘ne-</span> 
     </span>
     <span class='ocr_line' id='line_1_27' title="bbox 241 3272 1546 3387; baseline -0.005 -26"><span class='ocrx_word' id='word_1_211' title='bbox 241 3276 374 3387; x_wconf 82' lang='lat' dir='ltr'>scius,</span> <span class='ocrx_word' id='word_1_212' title='bbox 395 3272 545 3361; x_wconf 84' lang='lat' dir='ltr'>oculos</span> <span class='ocrx_word' id='word_1_213' title='bbox 570 3276 784 3370; x_wconf 82' lang='lat' dir='ltr'>iniecerat,</span> <span class='ocrx_word' id='word_1_214' title='bbox 806 3272 1049 3385; x_wconf 84' lang='lat' dir='ltr'>pudicitiam</span> <span class='ocrx_word' id='word_1_215' title='bbox 1067 3298 1298 3383; x_wconf 80' lang='lat' dir='ltr'>expugnare</span> <span class='ocrx_word' id='word_1_216' title='bbox 1318 3298 1403 3356; x_wconf 88' lang='lat' dir='ltr'>non</span> <span class='ocrx_word' id='word_1_217' title='bbox 1422 3274 1546 3382; x_wconf 79' lang='lat' dir='ltr'>spera-</span> 
     </span>
     <span class='ocr_line' id='line_1_28' title="bbox 191 3381 1542 3501; baseline -0.004 -26"><span class='ocrx_word' id='word_1_218' title='bbox 191 3486 198 3500; x_wconf 31' lang='grc' dir='ltr'><strong><em>Ι</em></strong></span> <span class='ocrx_word' id='word_1_219' title='bbox 237 3386 329 3489; x_wconf 86' lang='lat' dir='ltr'>bat,</span> <span class='ocrx_word' id='word_1_220' title='bbox 355 3384 542 3500; x_wconf 84' lang='lat' dir='ltr'>coniugii</span> <span class='ocrx_word' id='word_1_221' title='bbox 567 3388 718 3501; x_wconf 86' lang='lat' dir='ltr'>species</span> <span class='ocrx_word' id='word_1_222' title='bbox 741 3386 966 3499; x_wconf 76' lang='lat' dir='ltr'>praetensa,</span> <span class='ocrx_word' id='word_1_223' title='bbox 990 3382 1111 3498; x_wconf 85' lang='lat' dir='ltr'>lingit</span> <span class='ocrx_word' id='word_1_224' title='bbox 1142 3386 1179 3469; x_wconf 88' lang='lat' dir='ltr'>se</span> <span class='ocrx_word' id='word_1_225' title='bbox 1210 3381 1413 3471; x_wconf 87' lang='lat' dir='ltr'>coelibem</span> <span class='ocrx_word' id='word_1_226' title='bbox 1445 3384 1542 3469; x_wconf 83' lang='lat' dir='ltr'>esse:</span> 
     </span>
     <span class='ocr_line' id='line_1_29' title="bbox 217 3496 1546 3613; baseline -0.003 -24"><span class='ocrx_word' id='word_1_227' title='bbox 217 3502 406 3612; x_wconf 76' lang='lat' dir='ltr'>,Blaucae</span> <span class='ocrx_word' id='word_1_228' title='bbox 429 3504 594 3613; x_wconf 89' lang='lat' dir='ltr'>nuptias</span> <span class='ocrx_word' id='word_1_229' title='bbox 616 3532 664 3587; x_wconf 85' lang='lat' dir='ltr'>ex</span> <span class='ocrx_word' id='word_1_230' title='bbox 693 3506 832 3588; x_wconf 86' lang='lat' dir='ltr'>animo</span> <span class='ocrx_word' id='word_1_231' title='bbox 857 3500 1102 3596; x_wconf 80' lang='lat' dir='ltr'>auersamm,</span> <span class='ocrx_word' id='word_1_232' title='bbox 1119 3497 1240 3584; x_wconf 87' lang='lat' dir='ltr'>cuius</span> <span class='ocrx_word' id='word_1_233' title='bbox 1260 3496 1318 3583; x_wconf 89' lang='lat' dir='ltr'>rei</span> <span class='ocrx_word' id='word_1_234' title='bbox 1339 3498 1546 3595; x_wconf 70' lang='lat' dir='ltr'>tellesin-</span> 
     </span>
     <span class='ocr_line' id='line_1_30' title="bbox 237 3610 1544 3730; baseline -0.006 -22"><span class='ocrx_word' id='word_1_235' title='bbox 237 3616 425 3730; x_wconf 77' lang='lat' dir='ltr'>diciaque</span> <span class='ocrx_word' id='word_1_236' title='bbox 457 3616 794 3728; x_wconf 74' lang='lat' dir='ltr'>proferebantur,</span> <span class='ocrx_word' id='word_1_237' title='bbox 838 3642 974 3727; x_wconf 83' lang='lat' dir='ltr'>neque</span> <span class='ocrx_word' id='word_1_238' title='bbox 1013 3614 1124 3699; x_wconf 90' lang='lat' dir='ltr'>enim</span> <span class='ocrx_word' id='word_1_239' title='bbox 1171 3610 1300 3703; x_wconf 83' lang='lat' dir='ltr'>deesse</span> <span class='ocrx_word' id='word_1_240' title='bbox 1341 3632 1544 3725; x_wconf 84' lang='lat' dir='ltr'>poterant.</span> 
     </span>
     <span class='ocr_line' id='line_1_31' title="bbox 234 3726 1606 3847; baseline 0.001 -30"><span class='ocrx_word' id='word_1_241' title='bbox 234 3732 422 3847; x_wconf 83' lang='lat' dir='ltr'>Episcopi</span> <span class='ocrx_word' id='word_1_242' title='bbox 438 3733 628 3819; x_wconf 67' lang='lat' dir='ltr'>Samira</span> <span class='ocrx_word' id='word_1_243' title='bbox 649 3727 891 3829; x_wconf 83' lang='lat' dir='ltr'>Abuleusrs‚</span> <span class='ocrx_word' id='word_1_244' title='bbox 914 3734 1088 3817; x_wconf 86' lang='lat' dir='ltr'>loannes</span> <span class='ocrx_word' id='word_1_245' title='bbox 1113 3728 1405 3817; x_wconf 85' lang='lat' dir='ltr'>Salmaticensrs</span> <span class='ocrx_word' id='word_1_246' title='bbox 1436 3726 1486 3815; x_wconf 91' lang='lat' dir='ltr'>de</span> <span class='ocrx_word' id='word_1_247' title='bbox 1501 3752 1545 3819; x_wconf 85' lang='lat' dir='ltr'>re</span> <span class='ocrx_word' id='word_1_248' title='bbox 1604 3815 1606 3826; x_wconf 83' lang='grc'>,</span> 
     </span>
     <span class='ocr_line' id='line_1_32' title="bbox 235 3840 1544 3958; baseline -0.002 -29"><span class='ocrx_word' id='word_1_249' title='bbox 235 3843 512 3951; x_wconf 73' lang='lat' dir='ltr'>coappellari,</span> <span class='ocrx_word' id='word_1_250' title='bbox 550 3844 772 3933; x_wconf 89' lang='lat' dir='ltr'>secundum</span> <span class='ocrx_word' id='word_1_251' title='bbox 794 3847 917 3958; x_wconf 83' lang='lat' dir='ltr'>Regis</span> <span class='ocrx_word' id='word_1_252' title='bbox 947 3840 1174 3947; x_wconf 80' lang='lat' dir='ltr'>libertatem</span> <span class='ocrx_word' id='word_1_253' title='bbox 1206 3846 1544 3954; x_wconf 84' lang='lat' dir='ltr'>pronunciarunt,</span> 
     </span>
     <span class='ocr_line' id='line_1_33' title="bbox 233 3954 1544 4084; baseline -0.006 -41"><span class='ocrx_word' id='word_1_254' title='bbox 233 3957 388 4049; x_wconf 80' lang='lat' dir='ltr'>furenti</span> <span class='ocrx_word' id='word_1_255' title='bbox 405 3956 583 4067; x_wconf 86' lang='lat' dir='ltr'>Principi</span> <span class='ocrx_word' id='word_1_256' title='bbox 600 3986 828 4076; x_wconf 79' lang='lat' dir='ltr'>repugnare</span> <span class='ocrx_word' id='word_1_257' title='bbox 849 3988 935 4054; x_wconf 86' lang='lat' dir='ltr'>uon</span> <span class='ocrx_word' id='word_1_258' title='bbox 958 3959 1061 4079; x_wconf 81' lang='lat' dir='ltr'>aust,</span> <span class='ocrx_word' id='word_1_259' title='bbox 1080 3958 1349 4067; x_wconf 78' lang='lat' dir='ltr'>vincenteque</span> <span class='ocrx_word' id='word_1_260' title='bbox 1361 3954 1544 4084; x_wconf 73' lang='lat' dir='ltr'>honesta·</span> 
     </span>
    </p>

    <p class='ocr_par' dir='ltr' id='par_1_7' title="bbox 639 4088 1537 4151">
     <span class='ocr_line' id='line_1_34' title="bbox 639 4088 1537 4151; baseline -0.004 2"><span class='ocrx_word' id='word_1_261' title='bbox 639 4088 664 4107; x_wconf 83' lang='lat'>’·</span> <span class='ocrx_word' id='word_1_262' title='bbox 836 4100 841 4108; x_wconf 90' lang='lat'><strong>·</strong></span> <span class='ocrx_word' id='word_1_263' title='bbox 1483 4088 1537 4151; x_wconf 86' lang='lat' dir='ltr'>trs</span> 
     </span>
    </p>
   </div>
   <div class='ocr_carea' id='block_1_7' title="bbox 0 0 1872 4734">
    <p class='ocr_par' dir='ltr' id='par_1_8' title="bbox 0 0 1872 4734">
     <span class='ocr_line' id='line_1_35' title="bbox 0 0 1872 4734; baseline 0 7"><span class='ocrx_word' id='word_1_264' title='bbox 0 0 1872 4734; x_wconf 95' lang='lat' dir='ltr'> </span> 
     </span>
    </p>
   </div>
  </div>
 </body>
</html>
