3734 4734
322 265 393 348 394
612 237 753 350 CapJV.
777 235 1326 361 Derutrlr'rt'llqba'mtxterormp.
1385 227 1391 238 '
1462 249 1470 281 t
1534 219 1540 226 '

319 411 500 530 polibat.
550 409 623 498 Sin
643 407 775 523 (quod
790 408 924 525 magis
948 413 1059 513 reor)
1076 407 1168 495 hoc
1182 399 1629 524 atmudmagener'e'

320 531 362 618 se
383 529 547 640 reginae
568 523 874 639 gratificaturos
901 544 1063 636 putent,
1079 549 1153 608 eos
1175 521 1443 634 admoneoet
1465 523 1625 636 horton

322 665 368 731 vt
386 641 532 745 saliam
551 640 665 728 istam
682 639 734 726 de
758 639 949 750 Principe
969 637 1148 724 summae
1165 635 1406 750 prudentiae
1420 637 1627 754 deponant

320 757 590 870 opinionem:
629 779 818 840 neceam
842 751 944 838 adeo
975 777 1113 838 rerum
1144 749 1545 866 igmrarncredant,
1569 771 1629 856 vr)

321 868 439 984 quod
460 869 547 955 aliis
567 867 732 955 feminis
749 864 1160 978 etlettutpislrmum‚
1184 867 1229 953 in
1244 867 1398 954 eoliae
1414 865 1628 982 dignitatis

320 1007 392 1072 aut
421 985 724 1072 incrementum
748 982 902 1080 vllam,
923 1001 993 1066 aut
1022 1003 1312 1071 ornamentum
1322 983 1445 1068 iltelie
1464 981 1630 1073 autre·-

317 1119 401 1191 tur.
457 1098 621 1184 inuitus
643 1098 688 1184 in
710 1093 816 1182 hanc
840 1093 1075 1182 orationem
1088 1093 1316 1206 ingredior.
1341 1100 1347 1111 '
1371 1097 1513 1209 Itaque
1527 1125 1628 1206 turn

319 1215 515 1328 princeps
536 1211 800 1297 illustrisssma
822 1209 878 1294 de'
890 1209 1079 1294 vniuerso
1096 1233 1228 1320 regno
1250 1209 1373 1296 itafit
1391 1213 1627 1324 promerita·

319 1349 368 1414 vt
386 1323 498 1412 nihil
525 1323 665 1434 audire
680 1321 843 1428 debeat,
866 1321 982 1435 quod
1003 1323 1187 1408 animum
1217 1323 1306 1418 eius
1330 1347 1403 1408 aut
1427 1351 1543 1410 aures
1567 1325 1629 1410 oid

323 1437 491 1527 fondere
520 1439 668 1552 possrt,
697 1439 902 1541 omittam
920 1437 1085 1550 quaein
1108 1435 1222 1524 serus
1249 1439 1545 1526 contumeliam
1575 1435 1627 1526 ab

324 1549 528 1667 improbis
558 1554 693 1640 latiari
719 1550 867 1650 audio,
896 1574 938 1638 et
961 1551 1187 1649 virtutum,
1217 1576 1320 1666 quae
1347 1555 1509 1664 reginae
1538 1554 1630 1640 lunt

324 1669 538 1782 proptiae,
556 1669 699 1780 potius
720 1663 921 1776 vsurpabo
945 1665 1201 1752 memoriam.
1259 1742 1264 1750 ,
1288 1665 1374 1752 Hae
1395 1670 1512 1754 enim
1531 1673 1629 1756 cum'

261 1849 269 1856 .
322 1783 526 1896 plurimae
546 1783 622 1866 sint
640 1780 739 1866 etin
759 1779 916 1889 primis.
928 1777 1123 1875 illustres,
1154 1778 1267 1864 nulla
1281 1801 1416 1866 tamen
1430 1777 1630 1870 maiorem

296 1987 302 1994 ,
326 1897 364 1983 ei
389 1891 497 2007 apud
516 1920 662 1980 omnes
694 1889 1099 1981 commendationem
1116 1913 1158 1976 et
1180 1890 1343 1978 laudern
1375 1897 1631 2002 conciliauiu

328 2035 454 2122 quam
473 2007 690 2094 modestia:
714 2033 761 2092 ea
777 2007 889 2092 enim
910 2006 1026 2094 istius
1046 2005 1158 2090 sexus
1177 2006 1233 2092 ita
1251 2009 1416 2120 propria
1436 2013 1630 2096 existima*

327 2143 422 2222 tut,
445 2144 492 2208 vt
518 2125 564 2209 in
591 2121 750 2234 priuata
778 2120 1025 2234 plerumque
1049 2121 1133 2209 vira
1153 2121 1230 2208 alia
1249 2121 1426 2212 ,aliarum
1446 2125 1545 2210 titia
1563 2121 1629 2212 vel

330 2237 505 2326 omnino
520 2237 689 2335 terrerit,
721 2235 789 2320 vel
815 2257 924 2322 certe
948 2230 1188 2323 obscurarit,
1263 2237 1312 2322 in
1327 2237 1511 2356 principe
1527 2263 1629 2324 nero

275 2358 281 2379 '
328 2353 491 2450 nostra,
518 2355 640 2440 cuius
661 2347 719 2436 ob
734 2347 922 2466 iotmnae
945 2349 1191 2463 generisque
1206 2349 1444 2451 claritatem,
1466 2353 1632 2440 'attilium

328 2464 486 2554 clidium
503 2465 709 2552 fabiumue
731 2466 776 2550 in
789 2461 965 2550 obscuro
987 2463 1063 2548 effe
1086 2467 1238 2575 potest,
1262 2464 1318 2552 ita
1338 2459 1440 2553 haee
1471 2468 1629 2582 praelu·

181 2601 188 2610 ·
327 2603 421 2678 cet,
448 2599 494 2666 vt
514 2581 605 2666 eius
626 2574 988 2672 commendatione
1019 2599 1196 2664 caeterae
1227 2581 1400 2667 virtutes
1427 2583 1627 2696 gratiores

325 2689 417 2781 fieri
438 2691 663 2780 videantur.
719 2693 835 2778 Cum
849 2717 894 2776 aa
911 2690 1039 2804 igitur
1056 2689 1163 2782 mihi
1188 2692 1314 2808 longa
1346 2699 1530 2806 oratione
1541 2721 1629 2784 non

327 2811 536 2918 estopus,
558 2804 630 2892 sed
644 2827 831 2904 tanturn,
849 2829 906 2891 vt
915 2804 1155 2892 admoneam
1177 2829 1218 2892 et
1239 2805 1398 2908 horter,
1424 2835 1493 2912 νῑ,Δ
1507 2839 1628 2924 quam
1669 2815 1680 2824 ’
1716 2893 1724 2902 .

325 2921 451 3010 semel
468 2918 524 3006 ad
548 2918 674 3006 decus
703 2942 753 3006 'et
778 2920 954 3035 gloriam
984 2919 1155 3034 ingresli
1182 2925 1238 3006 eli
1262 2923 1390 3019 viam,
1409 2929 1630 3012 almeon·

327 3039 641 3126 stanterreneat:
674 3061 755 3120 neu
772 3036 1015 3145 cuiusquam
1040 3033 1289 3123 alientationi
1309 3037 1364 3122 ita
1379 3038 1415 3122 se
1429 3026 1628 3150 praebend

237 3165 241 3172 '
327 3172 373 3236 vt
398 3150 460 3236 sui
489 3146 778 3235 obliuiscamr:
796 3149 1008 3260 ¹malitque
1035 3169 1221 3247 comm,
1248 3171 1293 3240 et
1311 3152 1457 3240 multis
1474 3154 1626 3266 expeti·

327 3266 480 3350 meraris
505 3259 728 3375 probarum
742 3265 826 3350 iter
850 3260 899 3350 ad
925 3257 1088 3356 laudem
1117 3285 1159 3348 et
1188 3265 1540 3356 inmortalitatem
1567 3269 1626 3352 in·

228 3402 233 3413 ’
295 3435 301 3442 ·
327 3379 478 3483 sistere,
499 3402 622 3489 quarn
636 3405 709 3489 pet
730 3376 993 3487 ancipitiaet·
1017 3375 1149 3466 intuta
1179 3379 1503 3494 progrediend0‚
1536 3391 1627 3467 atite

330 3494 437 3577 ailae
455 3491 561 3577 vitae
576 3489 703 3577 decus
721 3503 770 3576 :et
784 3488 1040 3601 splendorem
1059 3491 1103 3575 in
1119 3489 1336 3580 discrimen
1350 3496 1525 3583 mittere.
1543 3498 1627 3584 Va*

326 3599 484 3692 blitum
499 3599 605 3688 mihi
628 3607 766 3690 omnis
783 3604 1044 3716 disceptati0‚
1064 3606 1134 3716 qui
1158 3607 1223 3692 vel
1244 3606 1400 3694 inuidia
1422 3619 1520 3722 erga'
1543 3619 1627 3704 rne-

327 3719 622 3828 liorea,quos,
650 3745 704 3804 ne
725 3717 849 3824 nobis
864 3731 1187 3829 anteponantur,
1217 3723 1393 3826 timetiS,
1421 3725 1484 3810 vel
1507 3749 1630 3836 praua

325 3829 554 3924 ambitione
576 3833 685 3944 apud
706 3829 856 3920 bonam
875 3834 1106 3946 principem
1125 3831 1287 3926 futurae
1303 3839 1454 3950 gratiae
1481 3837 1629 3928 funda
1721 3827 1728 3836 ⁸

240 4026 244 4035 .
314 3969 461 4060 menta
484 3945 631 4040 iacitis.
707 3947 864 4037 Dicam
884 3949 1037 4062 igitur,
1055 3947 1195 4062 regina
1217 3949 1460 4070 clarissima,
1498 3948 1644 4038 fretus-

361 4106 370 4121 ‘
815 4117 822 4125 ’
1560 4091 1630 4156 tua
