3734 4734
264 259 267 269 ’
399 277 535 354 cuatelam
547 276 723 352 aunuum
736 297 771 350 er
770 279 938 375 feudalem
949 299 1089 372 uantur
1098 289 1313 382 gmmruaur
1371 313 1376 322 ·
1438 300 1512 378 597

156 521 162 532 .
192 475 302 569 quum
314 446 453 566 placuit
469 455 554 534 iure
576 445 884 553 confitetudiuurio
908 457 1022 534 totius
1043 453 1274 566 prouinciae,
1298 467 1430 534 ot'uon
1451 475 1508 532 cua

185 589 329 682 gantur
349 569 509 676 ratiouer
529 559 697 665 reddere,
722 555 792 669 nist
812 557 1086 667 administratae
1107 569 1374 678 proprietam:
1416 563 1506 665 fru·
1622 614 1629 632 ι

195 677 272 762 lius
287 700 405 761 autem
428 705 545 760 omnes
557 675 638 780 ficos
647 678 815 781 fficiam,
847 684 1065 796 quicunque,
1093 676 1250 775 duduliis
1273 674 1407 792 prupilli
1435 681 1505 756 im·

190 791 325 908 peusts‚
335 791 541 907 stuperfitut.
622 796 672 876 Et
704 785 795 892 bunc
808 785 976 876 'tutorum
1001 787 1276 901 rorfitemdiuem
1307 785 1505 907 abrogari,

192 895 370 1022 uunquam
379 903 468 1010 fuit
483 899 653 1020 porfibile.
704 904 939 1000 InSuecico
966 902 1037 991 hic
1059 908 1150 994 iure
1173 905 1281 992 muti
1306 904 1398 988 sunt
1433 927 1504 987 eo·

192 1017 367 1108 cundem
386 1017 609 1110 *doliorest
637 1015 702 1104 sed
725 1037 861 1106 tamen
888 1043 1496 1127 unumnnmsuuenuus
1636 1113 1641 1120 ,

105 1178 110 1188 ·
190 1142 230 1222 iu
246 1134 501 1267 pnicslarut„
520 1134 572 1218 ΙΙ.
598 1151 669 1219 art.
685 1149 754 1250 24.
778 1161 818 1220 n.
834 1153 934 1270 300.
953 1154 1049 1269 301'3
1073 1137 1129 1248 sq.
1164 1133 1214 1220 ad
1239 1133 1430 1265 Suecicas
1458 1153 1503 1218 et
1579 1149 1585 1158 “

193 1251 372 1472 luel
395 1245 1413 1478 liliolillllmqllblialliinldlllillcl
1431 1247 1526 1446 {li-

190 1474 265 1562 bui
284 1502 361 1588 pro
384 1477 521 1588 operis
545 1477 742 1589 praestitis
766 1474 1026 1566 tutelaribus.
1087 1481 1234 1590 Neque
1275 1502 1506 1566 acumen
1680 1536 1685 1546 -

191 1594 334 1676 statuta
354 1587 403 1676 ab
426 1586 653 1679 honorario
681 1591 809 1678 aliena
838 1594 966 1708 sunt,⁸
980 1591 1192 1682 tutoribus
1217 1589 1439 1680 tribuendo
1452 1617 1501 1676 ex
1522 1672 1529 1683 ,

56 1747 61 1754 ·
144 1723 150 1736 ’
189 1729 302 1818 parte
323 1702 533 1798 fruciuum
563 1702 775 1792 bonorum
836 1706 981 1820 upilli‚
1016 1706 1130 1822 quod
1161 1706 1317 1794 docent
1350 1731 1502 1795 cuul-

196 1846 459 1925 s‘rluaevs
486 1819 536 1904 ad
554 1822 703 1926 confiunt.
726 1737 897 1910 Mecium.
921 1823 983 1907 tit.
998 1845 1063 1936 19.
1085 1844 1157 1906 art.
1179 1826 1244 1934 Π.
1265 1849 1313 1908 n·
1323 1842 1363 1939 3.
1387 1845 1501 1933 prae·
1552 1824 1580 1863 ¹·

189 1936 368 2020 sertimfi
393 1958 505 2047 pater
532 1955 602 2018 aut
616 1955 744 2022 mater
768 1957 930 2022 tutores
949 1962 1208 2034 zuaauvs,
1232 1939 1272 2019 in
1286 1943 1388 2020 norit.
1405 1940 1503 2016 iuris

187 2052 288 2168 Belg.
311 2052 456 2139 tit.10.
485 2047 527 2134 de
541 2072 608 2134 tut.
630 2075 671 2133 n.
687 2070 727 2153 α,
781 2052 876 2137 Imo
894 2049 1030 2140 adhuc
1047 2047 1176 2138 hodie
1193 2049 1315 2136 variis
1328 2049 1499 2134 Germa·

189 2163 284 2248 niae.
301 2164 345 2246 in
369 2164 475 2248 locis
494 2160 645 2247 tutelae
676 2147 917 2248 fruciuariae
943 2169 1091 2252 exstant
1122 2163 1340 2276 reliquiae,
1372 2179 1501 2272 prout

189 2273 241 2362 de
257 2273 411 2374 Silesra,
432 2275 643 2374 lintanio,
672 2278 869 2386 Boinaria,
883 2281 1047 2367 testatur
1068 2277 1258 2393 laudatus
1270 2275 1322 2364 de
1343 2297 1501 2364 evue-
1591 2354 1595 2362 ,
1678 2252 1692 2339 Ϊ

192 2417 298 2480 ww
332 2389 432 2478 loco
458 2391 597 2480 citato.
959 2466 963 2474 .

627 2567 631 2576 =
736 2531 807 2634 §.2
836 2519 947 2613 VIIL

300 2661 433 2749 Sicuti
464 2683 564 2746 vero
587 2646 878 2743 vsufruuuaria
897 2644 1026 2742 tutela
1051 2648 1108 2740 ob
1134 2655 1261 2742 solam
1286 2652 1500 2744 bononem

185 2775 360 2864 familiae
388 2773 731 2888 communionem
749 2772 793 2856 in
812 2769 1029 2856 Germania
1049 2768 1193 2856 locum
1208 2769 1354 2858 habuit
1370 2777 1500 2879 (§.2.)

187 2891 346 2979 hancce
364 2919 460 2977 veto
484 2889 826 2975 communionem
843 2881 917 2968 soli
935 2884 1223 2993 participarent
1237 2887 1386 3014 agnati,
1407 2887 1500 2970 satis

190 3005 350 3104 clarum
364 3007 433 3100 est,
443 3001 671 3116 legitimam
685 2997 819 3083 solum
835 2997 1008 3082 tutelam
1020 2995 1354 3085 vsufruuunnm
1366 2996 1501 3100 fuiffz·
1556 3001 1559 3007 ’

187 3147 275 3211 non
305 3115 639 3206 testamentariam
675 3111 739 3198 vel
765 3107 957 3196 datiuum.
1452 3159 1462 3167 -

765 3267 803 3371 ς.
859 3263 927 3348 uc.

301 3413 375 3520 Ab,
389 3409 571 3509 allodiali
591 3407 641 3496 ad
659 3405 863 3496 feudalem
879 3396 1095 3494 tranfimns
1111 3405 1294 3496 uttelam.
1347 3402 1400 3491 Et
1408 3407 1499 3517 qui·

192 3527 287 3616 dem
299 3528 522 3641 antiquiori
538 3549 744 3637 tempore,·
751 3521 851 3608 dum
867 3519 989 3610 feuda
1006 3519 1250 3610 hereditaria
1265 3545 1351 3608 non
1360 3523 1500 3623 client,

191 3671 308 3732 rarus
333 3669 500 3754 quoque
523 3640 673 3742 urtelae
689 3636 861 3725 feudalis
878 3633 960 3725 fuit
975 3641 1079 3726 vius.
1132 3641 1247 3724 Patre
1262 3637 1373 3721 enim
1389 3661 1500 3722 mor·

188 3783 265 3848 tuo
290 3756 410 3846 feuda
436 3757 485 3842 ad
505 3756 725 3843 dominum
753 3747 963 3854 redibant,
990 3756 1064 3866 qui
1089 3751 1208 3838 fifilii
1232 3751 1500 3840 minorennes

176 3874 424 3978 existerent,
446 3865 515 3955 illa
532 3867 752 3974 retinebat,
773 3889 840 3975 ct,
869 3867 895 3952 sc
917 3871 1088 3982 gratiam
1104 3865 1236 3952 facere
1256 3862 1394 3966 vellet,
1414 3891 1497 3948 ma

185 3987 432 4080 iotennitate
452 3975 702 4098 consequuta
726 3979 838 4069 filios
870 3979 919 4066 de
948 3981 1074 4068 feudo
1090 3981 1242 4066 iterum
1261 3975 1501 4064 inuestiebat

186 4107 372 4218 paterno.
425 4103 644 4212 Postquam
671 4119 771 4184 veto
787 4093 1044 4296 Fhquditaria
1056 4099 1148 4185 sunt
1167 4093 1268 4181 falia
1286 4087 1421 4189 feuda,
1432 4117 1501 4292 sca·

252 4267 254 4274 '
914 4226 950 4332 ¹3
1179 4231 1185 4241 ¹
1448 4231 1498 4324 ui
