3734 4734
309 258 381 345 308
831 246 903 351 Cup.
923 243 984 319 ΙΙΙ.
1034 246 1085 321 De
1103 287 1108 307 ι.
1150 269 1185 351 '-

307 440 380 539 per
401 410 575 499 hominem
587 420 693 501 exuit
709 420 798 501 auia
821 410 960 527 (quod
985 410 1095 500 diau
1110 412 1231 503 etiam
1248 412 1530 508 foedissimum
1547 415 1621 533 ed)

311 538 497 619 Romanae
547 534 714 616 ciuitatis
767 558 835 616 non
884 532 1089 615 inviriliter
1124 530 1380 617 Monarchiani
1430 534 1621 624 obtinebat.

314 651 420 753 Quae
438 640 528 726 duas
550 638 676 730 habuit
694 668 802 729 natas
822 648 1035 729 Maroziam
1060 669 1169 763 atquc
1194 644 1411 733 Theodoram
1423 710 1438 749 ,
1459 648 1536 757 sthi
1555 680 1623 735 non
1714 752 1716 755 ¹
1829 702 1830 705 ι

310 760 422 863 solum
448 758 672 875 coaequales,
696 788 821 844 verum
845 766 955 841 etiam
994 763 1142 841 Veneris
1172 768 1349 845 exercitio
1367 771 1624 881 promptiores.

314 876 458 961 Harum
473 898 544 955 vna
561 878 735 957 Marazia
756 899 804 957 etc
819 878 927 989 Papa
940 874 1086 991 Sergia,
1107 878 1166 956 cui
1181 875 1265 983 ucs
1321 905 1346 960 a
1352 880 1514 983 fecimus
1526 906 1624 961 men·

314 992 471 1091 tionem,
497 986 677 1091 loannem,
698 992 765 1106 qui
776 984 849 1103 pasl
863 992 1005 1071 loannis
1014 990 1237 1073 Rauennatis
1250 899 1380 1075 man
1383 990 1534 1099 sctnllae
1550 998 1622 1077 Ra.-

318 1127 448 1185 manac
467 1098 640 1205 Ecclesiae
657 1096 814 1202 phtitacit
838 1098 1070 1217 diom'tatem,
1098 1102 1242 1205 nrfhrio
1261 1112 1393 1221 gemae
1412 1102 1621 1203 adulterino

314 1242 364 1298 ex
385 1209 532 1297 Alherca
546 1239 666 1297 autem
689 1211 901 1299 Moechiane
914 1208 1140 1327 Albericum,
1156 1222 1221 1333 qui
1242 1216 1356 1321 nuslra
1369 1218 1447 1335 pasl
1463 1242 1619 1335 campum

257 1364 262 1371 ¹
315 1332 498 1413 Romanae
510 1324 871 1442 urhisPrincipacum
897 1330 1096 1445 vstcrpauit.
1147 1334 1221 1423 ea
1248 1328 1340 1415 idem
1370 1356 1507 1447 tempus
1538 1338 1616 1415 Ra·

312 1448 482 1527 'mactatis
495 1439 613 1544 sedin
642 1448 707 1639 pul
722 1440 890 1546 scacndus
902 1440 979 1558 posl
1004 1448 1200 1529 Romanum
1223 1442 1457 1531 Archimeam
1487 1442 1618 1529 Archi-

313 1555 541 1673 praestolatus
556 1552 645 1639 habe
667 1580 776 1660 atur,
792 1561 925 1640 Petrus
947 1557 1199 1663 Pontificatum
1229 1554 1383 1643 tenebat.
1435 1564 1513 1667 Qui
1540 1556 1621 1643 dum

310 1666 540 1775 suhieiliouis
553 1666 666 1769 afficio
684 1665 823 1753 debitae
841 1675 1059 1755 nominatum
1088 1676 1250 1755 loannem
1272 1678 1432 1789 Papam,
1455 1680 1520 1791 qui
1528 1682 1621 1779 suae

317 1780 479 1885 mint'pler
499 1782 670 1886 Ecclestae
689 1807 773 1867 cunc
786 1790 958 1899 temporis
983 1778 1204 1889 habebatur,
1238 1791 1386 1871 Romam
1405 1788 1556 1903 scorpius
1584 1809 1621 1869 ct

316 1902 450 1980 iterum
467 1898 618 1979 Datmm
638 1894 815 2015 dirigeret
822 1903 947 2009 Papae
954 1929 968 1981 .·
990 1894 1192 1997 Theodora,
1213 1924 1254 1983 vt
1269 1900 1420 2004 reflatur
1434 1908 1515 1985 vita
1529 1906 1620 1995 eius,

319 2015 499 2093 meretrix
525 2009 844 2125 impudentiostma,
875 2017 1024 2096 Veneris
1037 2013 1153 2099 calore
1161 2016 1352 2121 succensa,
1369 2022 1408 2099 iu
1426 2010 1530 2099 buius
1541 2013 1640 2128 spe·

322 2128 395 2208 ciei
414 2118 572 2207 decorem
593 2122 816 2211 ucbanenter
838 2128 1002 2231 exardt,
1033 2128 1223 2245 semenque
1255 2124 1344 2226 huuc
1360 2128 1528 2237 stercori
1555 2150 1623 2211 nan

307 2238 426 2347 salum
450 2233 587 2337 valuit,
618 2246 894 2338 verumetiam,
923 2264 1033 2359 atque
1055 2249 1166 2326 etiam
1187 2239 1265 2357 pasl
1290 2243 1469 2360 concpulit.
1523 2246 1623 2325 Haec
1697 2264 1702 2269 ·

319 2350 401 2436 dum
418 2350 663 2464 imprudenter
682 2379 860 2471 mantue,
884 2357 1107 2459 Bononiensts
1122 2354 1311 2471 Episcopus
1324 2364 1491 2459 moritur,
1511 2380 1548 2438 et
1571 2358 1625 2437 la·

319 2494 431 2551 annes
454 2463 518 2567 iste
542 2466 614 2551 loca
635 2468 888 2585 eiusetigtcur.
946 2469 1059 2553 Paula
1074 2466 1173 2584 pull,
1196 2492 1280 2551 ante
1297 2464 1402 2558 huius
1425 2468 1518 2554 dem
1544 2496 1624 2551 can-

306 2578 550 2689 seeraticnir,
575 2584 780 2662 nominatur
801 2585 993 2663 Rauennae
1021 2578 1314 2699 Arcbiepiscapus
1334 2606 1483 2668 mortem
1510 2578 1623 2670 abiitt

238 2770 241 2779 .
320 2692 431 2776 locum
456 2718 500 2773 ue
531 2698 609 2777 ciue
640 2697 786 2776 loannes
812 2691 1015 2777 Theodorou
1048 2692 1234 2801 instinh‘u,
1267 2703 1391 2813 priore
1422 2694 1656 2800 Bonunicnfr

324 2716 478 2905 Eccula
502 2802 658 2913 deserta,
695 2801 901 2890 ambitionis
921 2806 1068 2922 spiritu
1085 2806 1254 2911 inflatus,
1279 2836 1403 2895 eontra
1413 2810 1622 2919 standarum

311 2922 476 3004 2Patrum
490 2916 734 3025 iustinaastbi
757 2920 960 3035 uficrpauit.
1011 2925 1158 3005 Romam
1174 2930 1307 3041 quippe
1327 2922 1621 3028 aduenienc,matc

312 3038 545 3118 Rauennatis
558 3034 730 3138 Ecclestae
754 3030 945 3120 ordirtatur
959 3036 1158 3153 Episcopus.
1211 3036 1359 3122 Modica
1381 3066 1466 3123 vero
1490 3036 1623 3155 tempa-

320 3154 377 3233 ris
392 3146 659 3263 intercapedine
674 3206 703 3249 ,·
726 3152 807 3237 Dea
834 3173 1002 3248 vocattte,
1032 3157 1097 3268 qui
1121 3178 1198 3233 eum
1226 3150 1352 3256 imusle
1372 3150 1621 3259 crditmucrat,

319 3266 427 3378 Papa
454 3258 641 3365 defunduc
665 3262 725 3367 es.
781 3260 981 3349 Theodorou
1002 3290 1120 3349 autem
1142 3262 1304 3362 Glpcerii
1322 3295 1419 3350 mens
1432 3266 1621 3381 pmuerftt,
1698 3328 1703 3335 ·

318 3404 363 3459 ne
377 3375 503 3475 amasti
520 3375 745 3465 ducentarum
765 3378 1020 3463 milliariorum
1034 3378 1294 3495 iuterptfitione
1302 3439 1317 3478 ,
1339 3376 1466 3497 quibus
1481 3384 1622 3489 Rauen·

303 3515 371 3570 ..na
380 3490 630 3606 sequestratur
654 3526 680 3577 a
703 3500 837 3595 Rama,
851 3490 1036 3597 rarisfima
1065 3481 1248 3578 concubitu
1259 3502 1455 3607 potiretur,
1480 3484 1627 3578 Raueu':

309 3608 420 3683 etatis
442 3602 533 3685 hune
548 3604 642 3703 sedis.
665 3606 1148 3722 Arcbiepiscapatum'coegit
1169 3602 1337 3719 (iseram,
1360 3612 1624 3731 Romanumque

323 3712 458 3824 (proh
479 3714 635 3822 nef-asl)
651 3718 829 3823 ficmmum
850 3722 1079 3824 Pancc'ficimn
1106 3721 1288 3829 usurpare.
1365 3720 1470 3807 Hanc
1494 3724 1623 3805 Marc-
1695 3759 1698 3767 ¹

316 3834 419 3919 ziam
443 3828 547 3919 Wida
572 3836 719 3941 Tttsciae
734 3827 906 3944 Marchia
925 3834 971 3917 A.
982 3838 1137 3919 CMXX
1140 3838 1199 3917 Vl.
1228 3863 1375 3919 onorem
1394 3832 1540 3921 ducdat
1554 3840 1623 3943 (s).

712 3974 748 3995 ··
1085 3972 1090 3985 ·
1524 3956 1625 4039 Haec

364 4088 415 4165 (c)
441 4080 746 4157 'chronunovs
765 4080 886 4158 libau.
909 4078 1007 4165 clv,
1047 4084 1119 4187 Qu
1137 4106 1287 4197 tencpore,
1305 4089 1406 4165 Bcrta
1424 4107 1531 4165 mam
1554 4088 1640 4161 flu..

230 4206 234 4214 .
1564 4211 1621 4293 go.

1346 4358 1350 4364 ,
1437 4298 1445 4349 l
