3734 4734
606 237 1258 360 ardel.larrisundidemprirreqrr‘a·»⁸
1503 269 1554 346 ι)

271 553 288 574 ‘
352 539 513 628 Poenae
528 541 618 628 sunt
631 539 824 644 remedia,
842 544 1000 659 quibus
1009 538 1165 628 liberos
1185 542 1235 627 ad
1249 544 1469 634 meliorem
1482 573 1543 635 re·

233 657 371 770 digere
394 655 580 770 frugem,
608 653 861 746 intendimus
883 661 1021 766 (bxi.
1044 681 1085 743 et
1101 660 1243 780 XIX).
1296 663 1407 748 Hinc
1424 661 1546 750 redu·

232 775 315 860 etio
336 766 567 858 liberorum
587 767 636 854 ad
659 771 876 860 meliorem
901 773 1067 884 frugem
1089 775 1146 859 est
1161 769 1372 886 finis,qui
1396 780 1544 889 poenis

231 910 427 998 tanquam
451 883 647 970 remediis
674 880 794 972 debet
829 883 1024 976 obtineri.
1084 885 1303 984 Remedia,
1337 918 1442 1000 quae
1470 887 1547 980 fini

229 995 488 1116 impetrando
522 995 789 1098 adhibentur,
806 999 958 1090 debent
982 1003 1060 1112 esse
1085 997 1327 1089 sufficientia
1346 1002 1398 1088 ad
1417 1003 1546 1095 finem
1632 1061 1638 1068 -

231 1113 506 1203 obtinendum
529 1115 798 1227 propositum.
855 1120 968 1232 Ergo
987 1137 1158 1229 quoque
1173 1141 1329 1232 poenae
1346 1141 1543 1318 tanguam

229 1231 421 1321 remedia¹
438 1225 588 1315 debent
608 1229 686 1314 effe
706 1221 957 1320 sufficientes
986 1229 1036 1316 ad
1059 1230 1394 1348 consequendum

229 1347 275 1433 in
297 1342 542 1434 educatione
559 1342 791 1447 liberorum
810 1349 1106 1434 confidentem.
1221 1402 1225 1410 -

341 1658 505 1745 Dantur
529 1670 755 1774 poenarum
776 1656 953 1772 gradus,
976 1687 1001 1746 e
1026 1650 1185 1771 quibus
1209 1653 1310 1745 aliae
1333 1656 1542 1766 mitiores,

227 1767 327 1856 aliae
347 1775 560 1884 grauiores
583 1774 693 1860 sunt.
760 1775 922 1862 Poenae
951 1799 1081 1886 porro
1107 1771 1211 1874 <sunt
1243 1771 1360 1858 mala.
1425 1780 1538 1868 Haec

225 1885 329 1972 dum
350 1887 617 2000 infliguntur,
643 1885 873 1976 obtinendo
893 1887 1064 2000 quidem
1088 1882 1168 1982 fini
1198 1881 1461 1992 sufficientia,
1484 1899 1540 2002 ast

225 2027 303 2088 nec
319 1999 485 2088 duriora
499 2027 576 2098 nec
598 2003 777 2101 mitiora,
787 2001 854 2091 sed
880 1997 954 2092 fini
977 1997 1208 2092 obtinendo
1227 2007 1544 2116 proportionata

224 2114 490 2207 ededebent.
543 2117 653 2216 Hinc
685 2143 855 2230 quoque
914 2145 1072 2217 uenae,
1108 2113 1262 2230 quibus
1301 2119 1346 2204 in
1379 2118 1539 2208 liberos

226 2251 338 2344 pater
353 2232 506 2329 vritur,
534 2229 771 2320 educationi
796 2147 966 2345 quibu
988 2229 1216 2317 liberorum
1243 2225 1444 2319 sufficiant
1465 2264 1535 2324 ne·

70 2389 75 2396 ·
223 2345 329 2434 cerie
356 2349 434 2445 ost,
464 2343 644 2434 leniores
675 2369 813 2432 tamen
846 2339 1087 2436 durioribus
1113 2340 1204 2428 sunt
1241 2343 1540 2454 praeferendae,-

225 2479 269 2546 et
302 2463 332 2545 sr
365 2453 596 2560 lenioribus
631 2461 779 2574 poenis
819 2457 1053 2552 emendatio
1088 2451 1317 2562 liberorum
1355 2455 1534 2552 obtineri

224 2573 456 2691 potestne·
469 2574 659 2662 duriores
681 2603 769 2664 non
792 2577 870 2662 erit
898 2569 1261 2690 progrediendum

767 2763 804 2866 a.
861 2757 986 2843 auru.

250 2943 272 2969 ·.
336 2891 499 2990 Dantur
524 2861 732 2976 maiorum
748 2911 925 3002 genera,
952 2910 1056 2999 quae
1072 2881 1100 2966 sr
1117 2879 1258 2977 liberis
1285 2881 1535 2993 inferturtur,
1632 2943 1639 2950 ·

216 3013 300 3092 aos'
321 3029 398 3092 nee
433 3001 653 3099 emendant
675 3029 755 3089 nec
778 2999 1039 3113 perfeaiores
1060 2995 1249 3086 reddunt
1301 3001 1533 3089 Huiusmo-

222 3115 266 3204 di
292 3116 395 3204 maia
411 3119 502 3206 sunt
517 3117 677 3206 'oecisro
701 3115 952 3215 liberorum,
974 3135 1122 3202 eorum
1142 3112 1376 3200 vulneratio
1399 3143 1532 3202 mem·

1444 1231 1743 1328 nem'

221 3229 483 3345 brorumque
513 3232 746 3329 mutilatio,
776 3251 817 3316 et
849 3231 894 3316 in
932 3251 1171 3344 perpetuam
1197 3227 1437 3316 seruitutem
1462 3227 1532 3318 de-
1596 3334 1600 3340 ,
1668 3319 1677 3336 ,
1774 3215 1778 3222 ’

220 3347 361 3434 trudo.
414 3349 523 3434 Hine
542 3347 696 3434 occido
714 3341 958 3443 liberorum,
971 3371 1121 3434 eorum
1143 3339 1530 3448 vulnerationem-

219 3459 720 3574 brorumquermutilatio,
739 3483 809 3544 aut
823 3459 865 3544 in
886 3459 1124 3545 seruitutem
1136 3457 1318 3545 detrusro
1341 3457 1530 3546 emenda·

211 3577 325 3665 aioni
342 3572 584 3684 lrberorum,
609 3603 732 3686 quam
749 3597 942 3684 tanquam
956 3569 1081 3658 finem
1096 3595 1281 3685 patentes
1298 3573 1344 3659 in
1357 3576 1531 3688 punien-

223 3687 286 3776 dis
312 3687 453 3778 liberis
478 3687 629 3778 habent
653 3689 939 3802 propositum,
971 3715 1057 3773 non
1080 3686 1327 3787 insemiunt,
1359 3702 1401 3774 et
1432 3691 1530 3779 inde

223 3831 390 3918 quoque
412 3829 604 3918 tanquam
630 3801 807 3890 remedia
830 3797 1013 3888 adhiberi
1042 3819 1129 3888 no'n
1160 3798 1322 3888 debent.
1372 3805 1526 3890 Potius

211 3919 317 4006 eu‘m
332 3917 561 4010 liberorum
580 3919 754 4016 occido,
777 3915 1031 4015 vulneratio,
1047 3913 1527 4032 membrorumquemu·

214 4035 349 4126 tilatio
372 4057 443 4126 aut
472 4037 517 4124 in
546 4035 783 4124 seruitutem
814 4025 1354 4235 dcetrusrojiibetosnsemper
1375 4029 1527 4237 ifrgrgler·
