3734 4734
472 372 476 378 p
557 281 673 360 Sem.
696 281 1157 388 Iurircxbt‘beusprincipie
1449 311 1496 390 51
1618 240 1625 248 ι

195 428 329 556 nunt]
362 469 430 576 aut
461 441 596 542 officia
619 454 662 543 in
682 455 873 544 societate
897 448 1145 544 obseruanda
1168 449 1286 544 ciuili
1309 455 1498 568 praescri,

193 569 312 660 bunt.

448 773 451 780 .
753 692 791 793 i·
847 688 961 774 Lat·
1479 768 1485 789 .

305 817 426 930 Qae
449 817 595 901 statum
616 811 832 926 speamtes
850 820 1018 908 ciuilem
1039 818 1085 907 in
1103 818 1220 912 sacris
1237 818 1384 906 litteris
1401 845 1497 934 pro·

192 929 398 1048 mtrlgatae
414 935 564 1016 exstant
580 930 691 1043 leges
704 935 944 1043 ,pontiuaen
960 939 1056 1022 Deo
1071 933 1241 1047 quidem
1261 937 1495 1046 sapientisfif

192 1043 389 1148 mae‚sed
417 1057 501 1156 pro·
517 1047 673 1130 ratione
704 1045 982 1159 reipublicae,
1020 1050 1088 1136 cui
1120 1050 1202 1161 ipse
1227 1051 1347 1137 Deus
1366 1051 1495 1162 impe·

191 1187 282 1247 rans
305 1181 507 1274 praeeratt
523 1161 889 1249 suntconstitutae..
940 1165 1053 1254 Cum
1078 1190 1178 1249 vero
1200 1163 1354 1275 semper·
1384 1165 1495 1278 leges

189 1275 442 1389 reipublicae
464 1275 577 1359 statui
600 1275 678 1360 sant
700 1275 1098 1376 accommodandae,
1118 1276 1222 1390 quin
1235 1280 1423 1391 exi-gente
1438 1279 1497 1363 dir·
1567 1296 1573 1306 “

191 1393 306 1476 uersa
328 1389 621 1498 a'reipublicae
636 1385 920 1480 Hebraeorum
940 1393 1122 1490 ratione,
1144 1391 1213 1477 illa
1233 1395 1382 1480 mutari
1397 1413 1494 1504 pos·

190 1501 270 1589 iint
285 1530 308 1586 a
321 1502 479 1590 summo
494 1505 740 1615 imperante,
764 1507 830 1589 vix
846 1510 901 1594 est
925 1503 1039 1618 quod
1059 1503 1297 1592 dubitemus
1314 1505 1388 1613 (d).
1416 1509 1496 1598 Po·

192 1643 267 1706 nas
291 1617 433 1732 igitur,
446 1618 489 1734 in
515 1619 632 1702 saeris
655 1618 801 1706 litteris
825 1645 978 1732 poenas
1002 1621 1125 1710 certis
1148 1617 1394 1706 delitiorum
1424 1642 1496 1734 ge·

191 1730 362 1822 neribus
381 1736 545 1816 statutas
571 1733 647 1817 else
663 1731 797 1831 duras,
821 1736 910 1820 imo
929 1737 1070 1845 potius
1097 1759 1144 1820 ca
1172 1732 1316 1832 itales,
1346 1730 1498 1824 libero·

186 1877 285 1934 rum
306 1871 405 1932 vero
425 1842 663 1932 mitioribus
687 1841 863 1933 obtineri
879 1851 990 1960 poffe
1004 1875 1122 1934 emen
1152 1850 1354 1946 ationem,
1369 1850 1496 1960 patris

186 1986 324 2076 partes
344 1959 518 2046 omnino
535 1959 723 2074 exigent,
749 1958 821 2052 has
838 1961 921 2050 illis
944 1961 1143 2074 praeferre
1165 1963 1189 2072 (
1199 1963 1414 2078 §.avim
1433 1990 1494 2050 ca-

187 2073 386 2189 pitalibus
406 2101 509 2158 vero
522 2072 640 2184 plane
662 2071 856 2161 abstinere
881 2078 1102 2183 (§.XXV.).
1159 2080 1291 2190 Leges
1306 2105 1404 2168 vero
1415 2078 1497 2164 Dei

186 2190 388 2304 pofitiuae
406 2209 587 2274 aeternae
609 2187 785 2274 remedia
804 2189 942 2274 salutis
959 2213 1262 2300 proponentes,
1281 2192 1400 2280 vnice
1418 2193 1495 2278 cir-

189 2331 235 2392 ca
259 2329 324 2388 res
348 2303 552 2386 versantur
570 2298 691 2398 fidei,
721 2323 762 2386 et
787 2327 958 2386 omnem
975 2327 1102 2410 aeque
1123 2325 1171 2384 ac
1194 2301 1342 2410 religio
1361 2307 1495 2412 respu·
1636 2376 1642 2390 .

187 2440 266 2508 unt
292 2415 559 2503 coaffionem.
616 2416 714 2500 Non
735 2411 845 2499 aliud
865 2413 993 2526 igitur
1014 2413 1122 2502 circa
1134 2406 1357 2498 hominum
1371 2412 1497 2502 fidem

188 2527 382 2623 officium
399 2526 696 2618 obseruandum
712 2526 940 2626 incumbit,
957 2555 1080 2640 quarn
1093 2523 1390 2638 colloquendo,
1407 2551 1499 2613 eru·

188 2643 428 2758 diendoque
445 2642 597 2732 adeam
615 2640 936 2755 consequendam
967 2639 1365 2753 conseruandamque
1387 2643 1497 2730 viam

189 2763 431 2854 monstrare.
484 2761 535 2847 Et
557 2759 602 2842 in
619 2783 671 2844 eo
699 2757 852 2869 semper
875 2756 1000 2870 patris
1027 2778 1069 2842 et
1096 2757 1334 2868 imperantis
1365 2753 1499 2844 obser·

190 2875 326 2966 uanda
350 2876 460 2960 circa
482 2872 661 2958 aliorum
681 2867 834 2968 fidem,
854 2869 897 2956 in
912 2871 1030 2960 sacris
1049 2871 1196 2958 litteris
1215 2871 1420 2982 proposrta
1436 2867 1497 2976 of-¹

188 2991 288 3080 -ficia
308 2989 587 3084 conueniunt,
620 3011 722 3096 quae
745 2982 918 3098 proinde
942 3010 1018 3071 nee
1040 2980 1110 3070 nbi
1132 2984 1316 3084 inuitem
1336 3006 1496 3078 contra·

192 3105 363 3200 dicere,
385 3129 462 3187 net
491 3101 534 3184 in
567 3099 841 3186 necessitatem
874 3094 924 3184 ab
950 3091 1095 3186 officio
1131 3095 1188 3191 ob
1213 3097 1497 3208 duplicitatem

191 3218 385 3334 personae
405 3212 620 3302 recedendi
644 3238 800 3329 patrem
823 3211 1030 3302 summum
1053 3213 1320 3326 imperantem
1352 3210 1499 3300 eonsti-

190 3357 309 3423 tuere
340 3323 513 3444 poffunt.
901 3418 903 3422 .
939 3358 943 3363 ’

443 3471 446 3476 ’
701 3455 779 3568 '§.
839 3457 940 3543 LXI.
1330 3560 1333 3568 ¹
1479 3535 1484 3546 .

308 3593 389 3702 Hie
415 3617 514 3677 vero
532 3587 583 3680 de
601 3589 682 3676 fide
698 3611 739 3674 et
760 3586 986 3702 religione,
1024 3583 1224 3698 quatenos
1251 3584 1298 3671 in
1327 3582 1498 3676 internis

198 3709 327 3796 folum
345 3706 731 3808 consistit„minime
745 3729 844 3788 vero
861 3723 1060 3813 quatenus
1083 3703 1128 3786 in
1144 3702 1320 3787 externis
1344 3701 1419 3786 sese
1434 3729 1499 3786 ex·

197 3821 306 3928 serit,
327 3845 368 3914 et
396 3821 492 3938 cogi
510 3815 824 3934 quodammodo
847 3821 991 3928 potest,
1006 3815 1230 3928 loquimur.
1289 3817 1399 3900 Hinc
1414 3843 1498 3901 me·

298 3977 300 3980 ·
705 4013 713 4040 ,
822 3933 919 4026 ,G2
1032 3955 1037 3962 ·
1402 3930 1496 4011 -rito

245 4089 307 4186 (d)
327 4112 552 4168 evnoerno
573 4089 627 4158 Ius
646 4087 764 4173 Natur.
783 4079 868 4180 cap.
888 4063 942 4168 ⁸36.
961 4081 989 4168 §-
1007 4099 1066 4173 ῃ.
1083 4098 1118 4152 et
1135 4070 1316 4186 Responsum
1324 4051 1500 4168 saeuitiam

305 4189 407 4284 a'rpid.
421 4191 495 4262 atat
514 4186 904 4288 apudeannzrvnlin
922 4180 1066 4293 inquifito
1083 4177 1210 4274 dffenso.
1433 4212 1459 4280 ·.'
