3734 4734
275 257 281 270 ’
330 281 400 366 502
611 265 736 370 capnt
760 261 1346 376 nmersnnvrmgmmn

332 429 547 546 Replicrnt
616 433 775 550 legati,
840 436 1034 550 aequitati
1087 467 1155 529 eas
1207 413 1496 530 consentaneas
1558 437 1666 534 elle:

332 571 375 636 et
409 549 505 634 licet
540 550 605 638 vel
642 551 819 636 maxime
856 554 1019 640 Eleliot
1054 583 1121 642 eas
1161 583 1249 643 non
1282 577 1450 672 argon,
1498 581 1643 666 quem·

334 659 438 748 libet
453 664 591 750 umen
614 687 798 752 tutorem
814 665 881 752 vel
906 670 994 782 ipso
1011 671 1181 756 rationis
1203 669 1333 756 dullu
1347 667 1400 753 ad
1411 694 1553 754 etrum
1569 663 1645 759 oba

336 779 573 890 sementiam
591 780 734 866 renui.
792 779 1013 868 Permansrt
1042 807 1179 870 tamen
1213 785 1258 869 in
1290 783 1503 896 proposito
1535 785 1646 867 Neo-

335 889 564 1002 burgura,
586 919 686 980 cum
702 918 748 979 ea
763 898 1081 996 contestatione,
1098 899 1136 998 sr-
1153 896 1322 1009 quando
1340 899 1491 982 Tutela
1506 911 1549 982 ot
1563 892 1643 980 Ad·

335 1005 578 1096 ministratio
606 1005 858 1096 Elestoratus
882 1011 1050 1098 Palatini
1074 1011 1146 1097 nbi
1168 1038 1216 1098 ex
1237 1014 1318 1097 Dei
1340 1013 1459 1117 omni
1490 1009 1645 1096 otentia

336 1119 548 1242 voluntate
568 1119 793 1216 deseratur,
810 1149 937 1236 quem
954 1125 1087 1212 casum
1107 1149 1245 1212 tamen
1264 1145 1427 1212 tantum
1526 1127 1578 1220 sl,
1598 1141 1645 1209 vt

336 1235 506 1324 euenire
521 1237 681 1352 cupiat,
703 1258 749 1322 vt
771 1237 914 1352 potius·
932 1239 1049 1325 omni
1080 1261 1269 1351 tempore
1296 1239 1481 1324 auersum
1513 1257 1647 1349 optet,

317 1351 623 1464 ,praestiturum
638 1351 676 1436 se
696 1377 745 1436 ea
762 1353 928 1454 omnia,
959 1378 1066 1468 quae
1081 1379 1103 1438 a
1118 1352 1354 1438 fidelissimo
1374 1354 1511 1438 amico
1525 1374 1569 1436 et
1581 1371 1649 1434 tu-

339 1485 431 1554 tore
449 1469 606 1580 possent
627 1465 850 1580 expellati,
871 1493 1057 1579 quaeque
1074 1489 1168 1552 tum
1185 1471 1318 1583 Aurea
1330 1467 1472 1554 Caroli
1483 1467 1554 1550 lv.
1569 1467 1649 1549 lm-

340 1583 538 1698 peratoris
574 1579 712 1686 Bulla,
741 1601 834 1666 mm
869 1583 961 1666 eius
998 1577 1226 1668 subsecutae
1254 1579 1572 1678 declarationes,
1606 1595 1651 1662 et

340 1695 473 1808 ipsum
496 1693 596 1782 adeo
620 1695 687 1778 ius
707 1715 830 1806 atque
845 1693 1026 1808 aequitas
1050 1697 1279 1808 requirunt.
1335 1697 1428 1780 lmo
1441 1695 1551 1780 etin
1567 1693 1650 1803 spe·

342 1811 407 1900 cie
429 1807 502 1896 srbi
539 1835 626 1896 non
657 1831 781 1918 graue
801 1809 1024 1908 futurum,
1054 1832 1100 1897 vt
1128 1837 1228 1897 cum
1262 1809 1435 1894 consilio
1463 1828 1504 1893 et
1525 1829 1651 1920 opera

341 1925 481 2040 magni
504 1921 631 2008 dulae
653 1921 866 2034 Magistri,
892 1923 1137 2036 Cancellrrii
1155 1948 1196 2009 et
1212 1923 1551 2008 Consiliariorum
1559 1921 1659 2005 Ele.

343 2037 583 2134 (toralium,
608 2035 672 2120 vel
690 2037 1311 2124 etiam-vnioenorumuatuum
1333 2035 1652 2152 prouincialium

344 2155 400 2240 ita
421 2150 560 2240 omnia
581 2147 821 2246 moderetur
846 2175 968 2264 atque
986 2149 1259 2250 administret,
1284 2173 1330 2236 vt
1353 2175 1396 2238 ct
1428 2151 1526 2234 sarta
1548 2147 1652 2233 tolla

346 2267 639 2356 construentur
671 2263 812 2354 statuta
829 2265 1091 2366 Elelloralia,
1120 2265 1556 2378 cuiuscunque-etiam
1576 2263 1654 2346 srnt

345 2381 614 2476 nominis‚‘et
634 2381 844 2492 gestorum
860 2381 1044 2495 legitima
1068 2385 1173 2468 ratio
1189 2379 1304 2465 reddi
1329 2379 1455 2494 posfit
1482 2400 1525 2462 et
1541 2375 1656 2462 deni·
1689 2427 1698 2442 -

346 2523 428 2610 que
448 2493 695 2582 Christianae
709 2493 885 2580 libertati
905 2517 1027 2606 atque
1049 2495 1319 2582 eonscientiae
1342 2495 1479 2578 nullae
1492 2489 1655 2576 insidiae

406 2631 564 2694 uantur.
621 2607 780 2692 Verum
795 2603 846 2692 ad
861 2635 960 2694 eum
981 2607 1159 2696 modum
1188 2608 1264 2693 sese
1289 2607 1553 2720 adstringere,
1583 2607 1656 2717 qui

346 2750 399 2811 tn
409 2715 589 2806 exhibita
603 2714 871 2836 obligationis
895 2721 1076 2806 sonnula
1095 2725 1363 2821 continetur,
1391 2747 1477 2805 non
1502 2721 1581 2804 elie
1609 2717 1656 2801 il-

346 2835 483 2924 lusln's
519 2828 667 2931 aniani,
704 2831 769 2919 sed
799 2859 887 2918 rem
917 2835 1020 2920 noui
1045 2859 1087 2922 et
1118 2837 1295 2922 inusitati
1323 2825 1523 2945 exempli,
1552 2830 1656 2916 indi-

350 2977 474 3088 gnam
499 2943 642 3050 videri,
665 2971 769 3060 quae
790 2948 1056 3062 pertinaciter
1078 2973 1281 3065 angeatur.
1332 2953 1440 3035 Nam
1461 2948 1488 3031 sa
1513 2945 1657 3032 condi·

349 3087 485 3152 nones
502 3059 597 3154 illae
620 3087 908 3176 comparentur
936 3090 1032 3150 cum
1056 3063 1273 3180 saepedicta
1294 3069 1429 3151 Aurea
1449 3061 1588 3158 Bulla,
1602 3080 1667 3143 et-

350 3175 573 3268 subserutis
596 3173 856 3289 imperatoris
880 3177 1136 3290 sigismundi
1176 3174 1549 3281 declarationibus,
1580 3199 1655 3260 nec

352 3319 439 3382 non
469 3317 565 3377 cum
580 3289 770 3377 moribus
794 3311 836 3376 et
852 3289 950 3376 aliis
967 3293 1171 3404 praeteriti
1197 3294 1468 3407 temporis,et
1489 3291 1667 3403 praescr·-

351 3409 429 3494 tim
451 3432 547 3492 cum
561 3403 628 3500 iis,
647 3433 748 3518 quae
760 3400 1031 3518 'post-obitum
1052 3405 1262 3520 quondam
1279 3397 1553 3522 pientissrm'ae
1573 3428 1664 3487 me·

352 3522 506 3612 moriae
521 3515 740 3617 mellotis,
772 3519 940 3604 Palatini
970 3520 1178 3608 Ludouicl
1203 3529 1280 3608 An.
1304 3521 1609 3610 MDLXXXW.
1635 3543 1662 3602 a

353 3631 539 3750 principe
552 3629 733 3716 Palatino
752 3633 905 3723 Ioanne
928 3633 1158 3733 casimiro,
1178 3637 1285 3723 sado
1306 3644 1360 3722 'et
1384 3637 1543 3748 sciipris
1567 3633 1666 3718 affl·

354 3771 435 3840 tata
451 3743 642 3830 fueruntt
672 3745 760 3830 sane
775 3741 952 3832 dubium
968 3748 1134 3836 nullum
1148 3751 1239 3851 esse,
1256 3753 1359 3866 quin
1382 3777 1529 3840 omnes
1541 3749 1666 3860 aequi

356 3887 397 3952 et
414 3859 579 3946 sanioris
597 3855 738 3945 iudicii
752 3855 1248 3974 hominesdeprehensuri
1266 3858 1342 3951 sint
1351 3895 1542 3981 magnam
1555 3855 1675 3948 dissi.»

354 3969 648 4068 militudinem.
707 3973 816 4058 llinc
837 3971 960 4086 legati
979 3975 1157 4062 domum
1186 3978 1444 4090 recesserunt.
1495 3979 1668 4066 aanor

355 4117 455 4178 vero
498 4109 700 4174 terrarum
748 4087 951 4175 securitati
999 4093 1237 4206 prospicere
1273 4097 1474 4212 cupiens,
1515 4117 1668 4226 omno?

972 4256 992 4272 a
1065 4251 1076 4272 .
1533 4231 1671 4299 omm.
