3734 4734
370 267 453 362 ⁶50
693 255 1375 364 marrnampmuauuam

382 425 601 520 mentatiat
623 451 907 541 maternaeque
922 429 1140 518 illustrium
1155 433 1304 520 tutelas
1318 428 1473 520 nimius
1487 426 1588 518 iuris
1603 414 1685 517 Ru·

264 555 294 596 ·'
382 546 493 636 mani
521 569 651 642 amor,
677 569 764 663 quo
779 567 871 632 ante
896 545 987 644 tria,
1004 539 1172 656 itquod
1192 549 1395 644 excurrit,
1414 545 1587 643 saecula,
1609 545 1685 632 im·

381 653 485 748 buti.
502 659 591 761 leti,
617 657 677 744 nil
695 657 850 746 retium
872 657 1124 772 pensumque
1137 657 1332 759 habuere,
1346 653 1462 774 quoil
1477 658 1689 788 peregrina
1809 714 1810 721 a

375 779 471 862 fnou
491 771 695 860 redoleret
722 775 822 860 iura
875 775 1029 860 Natum
1057 797 1220 886 partum
1247 777 1350 862 aluit
1371 775 1690 904 iuriumpatrto·

381 915 476 976 runt
503 887 753 1002 ignorantia,
776 909 817 976 et
839 883 1099 974 historiarum
1124 889 1366 978 Germaniae
1388 889 1587 1002 principis
1613 909 1692 970 nn·
1809 898 1810 905 ‘

383 1003 554 1118 peritia,
576 1027 679 1115 quae
694 1010 787 1090 lum
800 1003 907 1090 inter
929 1003 1038 1090 le'ios
1055 1001 1137 1089 fuit
1150 1009 1337 1093 maxima.
1390 999 1576 1092 Tandem
1591 1027 1690 1087 eum

382 1115 434 1204 ad
447 1119 725 1208 maturitatem
746 1115 943 1232 produxit
964 1117 1176 1231 peruersus
1191 1117 1453 1206 historiarum
1466 1116 1688 1226 usuraque

384 1229 580 1348 neglectis
589 1229 884 1346 limpidisiutit
899 1231 1134 1323 Germanici
1142 1231 1331 1322 fontibus
1341 1231 1481 1322 lucent¹
1491 1232 1614 1318 uariis
1628 1228 1691 1312 iu·

383 1346 441 1434 ris
458 1343 617 1459 publici
643 1346 846 1460 capitibus
868 1344 1087 1441 accendere
1108 1345 1332 1435 voluerunt
1355 1345 1525 1458 quidam
1548 1373 1595 1430 ex
1628 1369 1690 1428 re·

384 1457 640 1550 centiotibus
673 1461 832 1550 luriunt
862 1459 1132 1572 publicorum
1154 1460 1459 1577 interpretibus.
1511 1461 1567 1546 lli
1583 1457 1689 1554 mxii
1809 1496 1810 1541 t

334 1613 339 1620 ·
383 1573 501 1664 fuere
521 1575 564 1662 in
595 1575 792 1688 exemplis
811 1575 962 1664 tutelae
985 1595 1190 1664 maternae
1214 1605 1261 1664 ac
1283 1576 1598 1666 testamentariae
1620 1599 1688 1657 ex·
1809 1644 1810 1647 a

382 1689 609 1804 quirendia.
661 1692 772 1778 Hinc
790 1689 1031 1780 Germaniae
1043 1693 1253 1807 regnantis
1270 1688 1484 1782 historiam
1499 1688 1691 1778 transmi·
1809 1712 1810 1773 ς

384 1827 581 1922 gruunt,
602 1805 792 1918 variaque
812 1833 889 1918 pro
913 1801 1150 1892 stabilienda
1171 1807 1237 1893 sua
1258 1807 1453 1896 sententia
1464 1803 1551 1900 ubi
1576 1825 1690 1888 notre

386 1941 484 2008 runt
499 1920 701 2032 exempla3
720 1922 775 2004 ast
797 1920 1073 2008 illaturatius
1097 1921 1393 2021 exarninantes,
1425 1915 1688 2007 obseruamus
1809 1930 1810 2023 l

386 2032 519 2124 oculo
554 2035 661 2146 quast
691 2033 898 2150 fugitiuo,
920 2032 1125 2148 pleraque
1138 2037 1217 2122 elie
1232 2035 1384 2130 corrasa
1403 2057 1447 2122 et
1463 2031 1514 2121 ab
1538 2033 1687 2118 autori·

383 2143 464 2238 bus
482 2148 609 2235 malae
631 2152 742 2264 saepe
764 2147 860 2238 fidei
887 2145 1043 2240 tradita
1097 2148 1386 2256 Nihilominus
1404 2170 1602 2236 tamenta
1622 2173 1689 2232 ru·

384 2261 427 2351 di
449 2259 726 2378 indigestaque
743 2263 1044 2376 exemplorum,
1073 2263 1163 2352 satis
1179 2261 1289 2352 haud
1305 2261 1690 2380 probatarumme.

384 2377 426 2465 le
450 2377 717 2466 vniuersalenr
745 2380 897 2466 tutelae
918 2380 1236 2468 testamentariae
1254 2399 1297 2492 et
1327 2401 1532 2469 maternae
1561 2372 1691 2462 obier-

385 2492 565 2579 uantiam
585 2489 872 2581 confinxerunt
895 2515 1069 2606 eamque
1090 2489 1401 2597 elle'furrdatam
1416 2492 1688 2610 pragmaticae

385 2607 672 2696 historiaenon
687 2607 776 2693 satis
794 2607 930 2722 gnaris
954 2607 1072 2699 facile
1086 2607 1371 2722 persuaserunt.
1428 2609 1561 2696 Sicuti
1575 2631 1686 2718 reto,
1809 2656 1810 2665 Ν

385 2719 556 2832 quaein
578 2743 656 2804 rna
674 2719 850 2804 alteraue
880 2721 1103 2808 illustrium
1124 2723 1277 2812 familia
1290 2724 1532 2812 exstiterunt
1557 2745 1681 2808 etern-

385 2829 465 2948 pla,
480 2829 767 2945 particularem
791 2831 923 2921 solum
948 2832 1124 2927 funiliae
1142 2831 1449 2926 obseruantiam'
1463 2834 1687 2952 producere

383 2949 564 3064 pellunt,
580 2949 636 3036 ita
660 2974 830 3058 quoque
852 2943 1141 3038 testamentaria
1162 2968 1423 3068 maternaque
1436 2952 1579 3049 tutela,
1588 2973 1686 3062 quat

381 3065 427 3150 in
449 3058 526 3148 ha'c
545 3063 612 3148 vel
643 3061 713 3148 illa
740 3061 869 3148 domo
893 3090 988 3175 prae
1012 3063 1197 3179 legitima
1220 3067 1399 3177 placuit,
1426 3065 1693 3157 uniuersalem

382 3173 495 3264 haud
517 3170 648 3264 efficit
671 3172 981 3281 obseruandum,
1003 3179 1140 3268 multo
1169 3183 1310 3269 minus
1331 3185 1397 3290 ius
1425 3181 1599 3292 abrogat
1625 3205 1693 3293 pa·

383 3291 523 3380 trium.
580 3291 689 3378 Hinc
717 3289 868 3377 tutelae
890 3297 1093 3394 maternae
1114 3320 1159 3381 ac
1182 3297 1495 3394 testamentariae
1509 3293 1695 3382 defenso-

279 3499 284 3505 ,
381 3430 447 3493 res
471 3405 560 3492 suae
605 3433 721 3490 arum
737 3426 808 3490 aut
828 3401 936 3490 nihil
954 3409 1124 3518 prosunt
1142 3411 1298 3515 causae,
1315 3413 1413 3498 licet
1441 3409 1622 3498 ducenta
1647 3437 1699 3496 ex

385 3517 558 3606 tiruetlis
571 3435 826 3632 iimiliispro
846 3519 911 3604 sua
923 3515 1117 3609 firmanda
1133 3522 1324 3615 sententia
1340 3525 1547 3642 proferant
1560 3551 1704 3614 erent-

384 3635 468 3750 pla,
489 3631 589 3718 dum
614 3631 696 3737 illa,
706 3633 874 3720 caeteris
899 3633 1187 3748 accedentibus
1206 3643 1422 3752 requifitis‚'
1440 3639 1705 3754 quarundam

381 3744 553 3864 'quidem
574 3747 819 3834 familiarum
845 3745 1023 3860 probent
1044 3747 1359 3858 obseruantiam‚
1391 3755 1569 3848 minime
1592 3767 1704 3844 vero

382 3855 553 3976 reliquia
571 3861 815 3984 Germaniae
830 3861 1161 4067 procetigtisffi
1173 3892 1328 3980 ponant
1341 3869 1501 3958 inuitis.
1534 3879 1538 3882 ’

413 4113 418 4128 ·
484 4056 770 4210 argumenta,
800 4087 955 4228 quibus
980 4095 1152 4193 tutelam
1188 4095 1434 4219 impugnant
1465 4095 1714 4306 legitimam

718 4286 730 4324 ,
943 4247 948 4255 ·
1170 4249 1175 4257 ·
1611 4244 1708 4312 unt
