3734 4734
303 265 378 347 286
580 248 586 255 “
769 254 1163 359 ‘camor-

306 448 498 539 magnam
516 439 675 539 partem
691 422 956 538 Episcopatus
975 426 1032 512 sui
1048 424 1257 523 vitasset,
1277 422 1447 513 demum
1464 424 1515 529 ad
1529 430 1613 519 llb·¹

303 534 456 625 barram
476 542 725 627 monialium
739 539 792 625 de
816 538 1048 626 Godesleve
1071 541 1280 657 peruenit,
1307 539 1379 627 vbi
1403 544 1611 633 ecclesram
1651 608 1659 621 ·

304 654 488 755 intrant,
509 681 609 741 cum
626 680 719 741 ante
734 680 933 769 inagnum
951 656 1071 741 altare
1094 655 1293 769 prolixius
1317 658 1482 756 orasset,
1505 656 1610 747 vidit
1646 730 1655 739 .

299 766 361 851 ibi
383 766 593 878 quoddam
611 770 843 883 sepulcrum
862 792 954 855 ante
971 771 1112 869 altare,
1138 796 1272 881 panno
1291 768 1418 855 serico
1435 798 1607 883 cooper-

297 904 448 967 tumet
480 910 621 969 cereos
637 886 943 970 circumstantes
963 912 1060 971 cum
1075 882 1332 995 lampadibus
1355 882 1606 986 ardentibus,

300 988 419 1107 quod
439 1021 463 1083 a
481 996 697 1111 praedictis
721 995 974 1087 monialibus
999 1002 1043 1085 in
1066 1025 1213 1111 magna
1236 1000 1463 1084 reuerentia
1483 996 1606 1089 habe·

292 1108 427 1195 batur.
481 1112 573 1229 Qi
595 1110 988 1203 acircumllantibus
1006 1115 1215 1225 quaesruit,
1233 1113 1352 1197 cuius
1370 1112 1464 1199 elset
1476 1112 1605 1225 sepul·

294 1248 415 1310 crum
435 1222 563 1326 illud,
591 1250 633 1313 ct
660 1225 955 1341 responderunt
984 1230 1043 1327 ei,
1074 1224 1189 1339 quod
1224 1224 1328 1315 illud
1363 1248 1447 1313 erat
1474 1226 1605 1338 sepul·

155 1370 160 1376 ·
295 1364 417 1425 crum
432 1339 739 1442 Rosamundae,
759 1370 883 1454 quam
905 1344 1113 1431 Henricus
1135 1344 1220 1427 Rex
1243 1341 1415 1455 Angliae
1443 1350 1606 1427 tantum

293 1452 507 1555 dilexerat,
544 1478 586 1543 et
616 1456 731 1568 quod
755 1456 827 1541 ille
859 1484 937 1570 pro
972 1460 1062 1541 eius
1082 1480 1233 1557 ,amore
1268 1453 1438 1539 demum
1459 1452 1602 1553 illam,

294 1593 400 1677 quae
427 1570 542 1679 prius
564 1594 651 1655 erat
672 1598 822 1683 pauper
847 1593 889 1657 et
916 1570 1173 1668 mendicans,
1209 1568 1351 1653 multis
1375 1590 1417 1653 et
1441 1569 1601 1681 magnis

296 1678 528 1769 redditibus
559 1682 793 1782 dotauerat,
814 1706 855 1770 et
872 1680 1086 1769 nobilibus
1104 1678 1300 1769 aedificiis
1325 1677 1600 1788 decorauerat,

297 1795 553 1893 acredditus
574 1826 749 1912 magnos
776 1796 826 1880 ad
849 1799 991 1882 lumen
1026 1795 1130 1881 illud
1154 1794 1393 1881 indeficiens
1419 1798 1530 1882 circa
1548 1797 1603 1881 se·

295 1908 491 2023 pulcrum
508 1910 551 1994 in
564 1910 673 1998 illud
681 1911 977 1997 inueniendum
992 1908 1126 1996 eidem
1143 1910 1333 1995 ecclesrae
1352 1910 1596 1997 contulerat.

294 2020 468 2134 Qubus
485 2024 701 2139 episcopus
725 2026 807 2109 ait:
836 2025 994 2113 Tollite
1025 2050 1112 2109 eam
1142 2022 1268 2121 hinc,
1291 2026 1391 2133 quia
1419 2024 1602 2131 scortum

279 2140 392 2237 luit,
409 2164 523 2227 aanor
543 2138 626 2248 ille,
644 2138 717 2253 qui
733 2142 840 2225 inter
860 2166 1000 2252 regem
1017 2162 1058 2223 et
1081 2136 1193 2222 illam
1211 2136 1488 2223 fuitillicitus
1515 2159 1599 2225 erat

295 2276 339 2341 et
361 2249 627 2347 adulterinus.
684 2254 860 2367 Sepelite
881 2281 969 2339 eam
988 2282 1086 2339 cum
1102 2252 1191 2336 aliis
1208 2252 1385 2337 mortuis
1407 2274 1516 2353 extra
1534 2278 1598 2339 ec·

298 2366 473 2473 clesram,
488 2395 539 2453 ne
551 2368 777 2453 Christiana
799 2368 948 2479 religio
968 2370 1149 2467 vilescat,
1166 2388 1206 2453 et
1221 2388 1265 2449 vt
1281 2364 1468 2478 exemplo
1484 2366 1597 2453 illius

301 2504 479 2570 caeterae
497 2474 693 2565 mulieres
713 2481 921 2565 exterritae
938 2477 987 2565 ab
1004 2481 1160 2567 illicitis
1183 2478 1421 2565 adulterinis
1444 2504 1597 2567 concu-

296 2592 452 2682 bilibus
467 2589 540 2678 fibi
567 2594 830 2679 conueniant.
886 2596 937 2676 Et
971 2593 1032 2679 illi
1056 2594 1244 2679 fecerunt
1264 2594 1365 2679 ficut
1387 2617 1623 2707 praecept·-

297 2732 359 2797 rat
376 2709 436 2789 eis
455 2705 695 2818 episcopus3
721 2728 761 2791 et
784 2704 978 2811 tollentes
1001 2733 1091 2791 eam
1109 2728 1216 2794 extra
1232 2705 1437 2794 eccledam
1454 2704 1607 2794 huma«

293 2840 448 2909 uerunt
463 2826 553 2926 (m).
607 2820 775 2905 Henrici
803 2821 853 2905 ΙΙ.
873 2816 985 2904 filius
1001 2826 1157 2917 rloaaaes
1167 2822 1247 2924 stae
1269 2848 1373 2906 terra
1395 2820 1598 2935 Agatham

268 2927 276 2936 ’
296 2928 576 3024 concubinam
602 2928 760 3035 habuit,
782 2933 925 3020 factam
937 2936 1072 3046 postea
1089 2934 1248 3022 Leolini
1272 2937 1474 3050 Principis
1483 2936 1599 3027 Wal-

138 3110 150 3136 .
292 3053 370 3147 liae
407 3074 577 3135 uxorem
601 3052 677 3157 (n).

842 3250 881 3351 ᾗ,
934 3243 1036 3331 LXI.

404 3416 619 3510 Eduardus
637 3420 708 3507 lll.
724 3420 842 3517 :licet
863 3424 1099 3513 Pontificiis
1128 3444 1194 3512 tot
1224 3394 1435 3509 miraculis
1460 3422 1593 3511 clarus

293 3538 411 3627 fuiffe
441 3536 598 3617 dicatur
621 3560 662 3617 et
682 3541 771 3647 post
787 3554 968 3627 mortem
983 3544 1027 3628 in
1055 3566 1272 3627 numerum
1291 3538 1608 3644 sanctorum&
1629 3591 1632 3599 ·

296 3654 419 3751 latus,
439 3644 669 3753 concubina
685 3654 821 3736 tamen
839 3655 931 3740 vsus
947 3655 1034 3743 luit
1049 3656 1175 3742 Alifae
1190 3655 1441 3779 Perez2quae
1463 3651 1610 3853 ipsrgpr'

1471 3792 1526 3883 po
1565 3792 1597 3879 ¹·,

322 4000 493 4129 (miro.
512 4046 738 4121 ruortrour
764 4026 878 4113 Chrott
899 3992 1179 4129 u1235t1236.

345 4145 398 4239 (n)
424 4161 565 4215 ruuor.
585 4132 834 4219 Tabsxtvul.
903 4180 947 4276 Ψ
975 4201 1034 4233 ψ,
1078 4220 1086 4239 ,
