3734 4734
349 394 357 411 x
422 293 504 369 Seli.
517 299 563 369 Η.
584 297 856 399 armipotens
882 298 1050 398 Meleon
1069 294 1332 401 exemplasssscnc.
1377 300 1379 308 '
1467 308 1533 387 ext

213 462 340 551 'altam
357 463 531 575 nolentem
545 488 581 548 et
600 470 841 585 requirentem
860 473 1123 585 emanciparit,
1145 492 1183 551 ee
1199 496 1224 549 a
1242 464 1340 569 lare,
1365 484 1401 547 et
1415 488 1531 549 ama·

221 610 273 663 nu
283 580 384 689 fita,
407 600 445 661 et
463 607 490 663 a
508 576 678 697 potestate
690 587 842 693 patriae
857 580 1046 699 potestatis
1064 580 1219 667 eamdem
1233 574 1390 665 liberans
1402 602 1439 663 ee
1450 584 1531 661 exi-

220 724 346 805 mens,
379 687 477 779 dedit
504 716 543 777 et
568 695 730 799 concessa
754 700 792 778 ei
809 689 1042 811 potestatem,
1085 721 1122 779 ec
1152 692 1349 779 arbitrium
1379 689 1529 777 liberum

221 806 369 927 agendi,
381 804 609 923 respondendi
628 832 666 889 et
689 807 941 909 contrahendi,
963 810 1022 895 vel
1038 816 1147 895 etiam
1161 802 1325 913 testandi,
1347 802 1529 923 obligandi

208 926 259 1031 se
285 920 402 1021 aliis,'
417 942 455 1001 et
470 914 643 1024 aliosjt'dt'
664 945 702 1005 tt
729 947 852 1009 cetera
871 932 989 1009 omnia
1017 920 1236 1027 celebrandi,
1271 918 1462 1005 ordinandi
1488 940 1526 1002 ct

210 1031 384 1140 faciendi
402 1036 444 1116 in
457 1030 591 1119 iudicio
610 1036 672 1119 vel
685 1062 798 1120 extra
818 1036 1007 1143 iodicium,
1030 1064 1122 1155 qnae
1133 1031 1310 1155 quaelibet
1324 1059 1441 1120 mater
1451 1033 1525 1137 fa·

221 1148 374 1255 miliat,
408 1170 445 1232 et
464 1146 525 1252 sui
549 1154 646 1231 iaris
659 1152 797 1253 fodere
820 1149 929 1267 potest
946 1150 1527 1345 fineimpedimentopttocomgnt

220 1288 258 1345 et
273 1258 412 1347 obtenu
428 1268 601 1377 propriae
619 1263 828 1379 potestatis:
852 1270 912 1348 cni
924 1269 1203 1380 emarecipationi
1232 1292 1295 1347 nos
1364 1258 1447 1347 aedi
1482 1286 1525 1345 nt

208 1376 430 1485 senescallus
455 1378 565 1460 inacta
585 1378 846 1493 reqoisstionem
872 1407 918 1463 ae
939 1378 1154 1465 voluntatem
1172 1374 1304 1493 praedi
1339 1404 1439 1461 ottone
1455 1395 1524 1491 pa·

219 1496 295 1573 tris
309 1513 347 1575 tt
350 1487 462 1595 filiae
479 1486 714 1605 inpendimus
710 1490 921 1601 solenniter
931 1491 1182 1579 manitatem
1197 1488 1400 1575 iudicialem
1462 1513 1522 1573 ae·

214 1605 329 1717 [entis
343 1603 605 1718 intetpnitione
623 1600 783 1709 decreti,
808 1629 847 1690 et
873 1602 1052 1691 ceklrata
1088 1608 1368 1719 emancipatione
1424 1608 1525 1685 nins-
1627 1680 1632 1693 .

222 1714 317 1800 modi
337 1716 497 1832 legitime
507 1777 524 1821 ‚
545 1713 638 1799 idem
659 1716 819 1803 dominus
839 1718 947 1823 Gallo
979 1718 1097 1825 dedit,
1135 1716 1297 1824 ooncecstt
1317 1736 1354 1799 tt
1376 1712 1525 1801 contulit

223 1828 410 1914 donatione
424 1852 526 1945 pnra
545 1853 583 1913 et
598 1830 753 1948 simplici
772 1838 872 1918 inter
896 1840 1021 1941 vittas,
1049 1856 1087 1917 et
1107 1860 1230 1923 caram
1249 1824 1350 1915 ntobc't
1375 1823 1523 1947 praedi·

209 1942 279 2057 'llo
295 1943 482 2048 senescallo
505 1942 883 2059 legitimamente,
911 1970 949 2031 et
970 1944 1088 2035 tradit
1108 1946 1288 2065 perstet
1312 1940 1456 2031 heredes
1479 1968 1524 2027 oo
1553 1932 1560 1958 ¹

212 2057 529 2165 sncceffmecsuot,
546 2054 657 2141 eidem
671 2066 938 2179 primogenitae
939 2064 1031 2171 Jirae
1040 2058 1207 2171 ‚dominae
1223 2054 1444 2161 Constantine
1453 2078 1526 2171 pro

217 2170 310 2273 ficet
324 2165 511 2253 heredibus
524 2198 569 2253 ac
589 2172 942 2280 [recensoribus'fuim
960 2180 1151 2288 recipienti
1170 2200 1215 2258 oc
1236 2170 1428 2285 stipulanti
1447 2172 1525 2254 vice
1572 2225 1576 2233 ,

222 2290 412 2368 comitatos
439 2280 484 2366 de
505 2282 724 2369 Gauordano
743 2311 781 2368 et
798 2286 839 2368 de
854 2280 1033 2388 Benlbefio
1048 2312 1126 2367 cnm
1140 2278 1280 2369 inrideat,
1295 2304 1331 2363 tt
1342 2287 1524 2395 pertinen·

221 2401 292 2481 tiis
306 2395 501 2481 eorumdem
526 2423 565 2481 et
591 2394 749 2499 omnibns
769 2395 971 2505 Esclaetit‚
1002 2424 1094 2517 qnae
1114 2403 1197 2482 iore
1225 2388 1445 2477 hereditario
1467 2388 1528 2475 vel

222 2512 336 2598 aliter
354 2540 403 2595 ex
423 2540 514 2595 nnnc
531 2510 652 2619 oel'in
662 2514 839 2615 fatnrmn
855 2508 931 2619 fibi
956 2508 1086 2597 exinde
1116 2505 1240 2597 debent
1263 2500 1448 2603 aduenire,
1469 2500 1530 2589 nel

214 2628 380 2740 pofflrnt,
400 2648 438 2707 et
465 2622 642 2745 quidquid
658 2620 831 2712 habebant
855 2650 893 2711 et
912 2620 1044 2711 habere
1057 2622 1226 2712 debebant
1237 2628 1278 2707 in
1289 2612 1435 2725 dioecost
1451 2622 1524 2703 Va·

210 2740 366 2845 sotenst,
383 2736 506 2823 cedent
526 2736 637 2822 eidem
658 2736 817 2825 dominae
841 2750 927 2827 iota
938 2764 975 2825 et
993 2738 1149 2827 allionet
1162 2766 1277 2825 omncs
1291 2732 1405 2838 libiin
1415 2759 1526 2853 prae·

221 2850 327 2941 ditiis
347 2874 384 2936 et
405 2875 479 2967 pro
503 2851 702 2967 praediolis
727 2851 1030 2941 vicecomitatt'but
1048 2876 1278 2970 competentes
1299 2876 1334 2936 et
1357 2852 1523 2966 competi-

219 2970 375 3065 titnrac,
393 2960 544 3071 adfitac
551 2967 769 3085 stantemque
786 2966 1012 3078 sacceffornm
1041 2992 1078 3051 et
1102 2964 1268 3055 heredem
1295 2964 1494 3051 noluntates
1501 3018 1520 3081 ‚

219 3086 328 3165 iuxta
344 3080 545 3195 praesentis
564 3084 726 3195 paginae
743 3088 997 3167 continentiam
1017 3081 1118 3197 plene
1136 3105 1174 3166 et
1190 3102 1240 3196 pe
1304 3078 1520 3182 tnofocien·
1647 3166 1651 3171 ,

218 3191 313 3292 das,
341 3217 380 3278 et
399 3192 443 3277 do
458 3192 631 3277 cotidiene
649 3192 849 3279 donationis
864 3194 956 3279 idem
972 3192 1122 3279 donator
1171 3196 1175 3199 ’
1254 3220 1275 3275 e
1285 3184 1519 3306 ficosqae'he·
1554 3295 1563 3309 Ι

216 3305 319 3392 redet
340 3309 412 3425 ipst
429 3305 589 3392 dominae
611 3308 834 3411 Constantine
853 3310 975 3423 prose
994 3329 1031 3389 et
1052 3304 1137 3389 here
1160 3302 1239 3389 ibns
1256 3333 1305 3393 ae
1319 3300 1522 3409 suceeffori-
1558 3360 1559 3363 κ
1635 3376 1651 3389 ,

219 3418 369 3529 beneficis
388 3427 583 3536 recipienti
598 3416 670 3503 olli
693 3451 759 3504 ans
770 3424 818 3526 se
841 3446 878 3503 et
885 3420 982 3528 sna,
1008 3418 1189 3531 prmnffit,
1213 3431 1248 3499 et
1273 3422 1435 3504 conuenit
1444 3416 1522 3518 fa·

219 3558 358 3620 certet
372 3558 529 3652 portant
549 3541 589 3618 in
602 3539 641 3617 in
663 3539 733 3615 itio
744 3558 782 3615 et
793 3557 904 3618 extra
918 3528 1089 3615 inditium
1104 3527 1186 3613 t'nde
1204 3536 1437 3650 quarantiam
1460 3526 1523 3615 bo·

217 3678 301 3735 nam
323 3674 360 3733 et
368 3650 535 3753 firmana
616 3642 707 3735 Hos
730 3649 866 3759 posteo
887 3642 1228 3733 Comitatusdilla
1259 3643 1520 3745 Constantia,
1631 3744 1633 3749 s

215 3768 265 3848 A.
281 3755 548 3850 MCCLXVI.
577 3762 762 3849 Henrico
796 3761 1078 3875 primogenito
1092 3758 1251 3851 domini
1279 3760 1405 3877 Regis
1428 3758 1522 3845 Ale·

213 3876 402 3989 manniao
432 3877 477 3963 in
506 3878 773 3994 mariagium*
791 3878 959 3982 attulit(
983 3883 1013 3986 ).
1294 3966 1298 3969 ,

598 3991 605 3999 ”
847 3993 878 4077 Ζ
908 4009 933 4107 3
956 4002 961 4015 ·
1081 4010 1086 4049 ³
1112 4076 1124 4093 x
1391 3992 1432 4089 §.
1450 3988 1521 4076 Vl.

241 4132 321 4228 .(r)
346 4132 451 4207 Pnout
474 4148 517 4196 ex
536 4121 683 4223 Episcopi
701 4122 868 4228 Oletensts
885 4126 1001 4199 litteris
1018 4144 1110 4225 patet
1136 4125 1169 4195 in
1196 4111 1393 4203 tbmvnot
1419 4140 1521 4191 nnn·

299 4262 309 4271 ,,
439 4244 449 4254 ·
673 4234 678 4243 ’
1079 4231 1082 4236 “
1463 4242 1524 4291 η.
