3734 4734
280 557 298 580 '
360 535 523 633 Poenae
538 546 627 634 sunt
641 421 833 648 remedia,
852 415 1174 664 qbifflslss'rrbaros
1194 548 1244 633 ad
1258 505 1551 640 melioremre·

242 662 380 775 digere
402 657 591 775 frugem,
617 659 870 752 intendimus
892 667 1030 772 (§.Xi.
1053 685 1095 749 et
1110 665 1252 786 XIX).
1305 669 1415 754 Hine
1433 667 1554 755 redu-

240 779 326 865 dio
345 771 577 862 liberorum
597 772 646 860 ad
668 777 885 866 meliorem
910 779 1076 892 frugem
1097 780 1155 864 est
1170 774 1292 878 finis,
1308 781 1380 891 qui
1405 785 1553 895 poenis

239 917 436 1003 tanquam
461 888 655 976 remediis
683 887 803 978 debet
838 889 1033 982 obtineri.
1093 890 1313 989 Remedia,
1346 922 1450 1005 quae
1479 892 1555 985 fini
1682 937 1687 945 ·

238 1000 498 1120 impetrando
532 1000 798 1103 adhibentur,
815 1004 967 1095 debent
991 1008 1068 1093 esse
1094 1002 1335 1094 sufficientia
1355 1008 1406 1093 ad
1426 1008 1555 1101 finem
1641 1065 1646 1074 ·

239 1118 515 1208 obtinendum
539 1120 807 1232 propositum.
864 1125 977 1237 Ergo
996 1144 1166 1234 quoque
1182 1147 1338 1236 poenae
1355 1146 1423 1210 tan
1454 1154 1552 1216 uam
1612 1203 1617 1220 .
1735 1117 1741 1130 ⁸

238 1236 418 1323 remedia
448 1229 598 1320 debent
619 1233 696 1320 effe
715 1225 966 1325 sufficientes
995 1234 1045 1321 ad
1068 1155 1452 1353 consequammi

238 1353 292 1438 in
306 1349 551 1439 educatione
568 1347 800 1453 liberorum
819 1354 1116 1439 confinentem.
1140 1392 1144 1398 ·
1229 1406 1233 1415 ·
1305 1355 1308 1364 '

351 1663 514 1748 Dantur
538 1676 764 1780 poenarum
785 1662 962 1778 gradus,
985 1692 1009 1751 e
1033 1654 1194 1774 quibus
1218 1657 1319 1750 aliae
1342 1661 1550 1771 mitiores,

111 1853 116 1860 .
236 1771 336 1861 aliae
356 1779 569 1888 grauiores
593 1779 702 1865 sunt.
770 1779 931 1868 Poenae
959 1804 1089 1891 porro
1117 1776 1219 1878 ‚sunt
1252 1776 1369 1864 mala.
1434 1785 1547 1873 Haec

234 1890 338 1976 dum
359 1892 627 2005 infliguntur,
652 1889 882 1982 obtinendo
902 1892 1073 2005 quidem
1097 1887 1177 1987 fini
1207 1886 1469 1996 sufficientia,
1492 1904 1548 1986 ast

234 2031 311 2094 nec
328 2004 494 2094 duriora
509 2033 585 2094 nee
607 2008 786 2108 mitiora,
796 2006 863 2096 sed
889 2002 963 2097 fini
986 2002 1216 2098 obtinendo
1236 2013 1552 2120 proportionata
1581 2019 1585 2025 ’

232 2121 313 2209 effe
336 2119 499 2212 debent.
552 2122 662 2222 Hinc
694 2148 864 2235 quoque
923 2150 1081 2222 oenae,
1117 2118 1270 2235 quibus
1311 2125 1355 2209 in
1388 2122 1548 2213 liberos

235 2256 347 2349 pater
362 2237 515 2334 vtinrr,
543 2235 780 2325 educationi
804 2152 975 2350 quidm
997 2234 1225 2322 liberorum
1251 2230 1453 2323 sufficiant
1473 2269 1543 2329 ne·

75 2393 81 2401 ·
232 2350 338 2439 eeffe
365 2354 444 2450 est,
473 2347 652 2439 leniores
683 2374 822 2437 tamen
855 2344 1099 2442 durioribus
1121 2347 1225 2432 suut·
1250 2348 1549 2459 praeferendae,-

233 2483 277 2552 et
310 2467 340 2550 sr
374 2457 605 2552 lenioribus
640 2467 788 2581 poenis
828 2463 1060 2556 emendatio
1096 2457 1325 2568 liberorum
1364 2461 1542 2558 obtineri
1589 2506 1593 2512 ·

231 2578 465 2697 potentat·
478 2578 668 2668 duriores
690 2607 778 2669 non
801 2582 879 2667 erit
907 2574 1269 2695 progrediendum.
1509 2689 1513 2696 .

776 2767 813 2870 a.
870 2761 995 2848 rorv.

256 2949 264 2960 -
344 2895 508 2995 Dantur
533 2865 741 2980 maiorum
757 2916 935 3006 genera,
961 2916 1065 3003 quae
1081 2886 1109 2971 fi
1126 2885 1266 2978 liberis
1294 2887 1543 2997 infertmtur,

223 3031 306 3098 eos
329 3034 408 3096 nee
442 3005 661 3094 emendant
684 3035 764 3094 nee
787 3003 1048 3118 perfettiores
1069 3000 1257 3092 reddunt
1310 3007 1541 3094 Huiusmo-

229 3121 273 3210 di
299 3120 403 3208 mala
420 3121 511 3211 sunt
533 3122 686 3210 occisio
710 3121 960 3219 liberorum,
983 3139 1131 3206 eorum
1151 3117 1384 3205 vulneratio
1407 3148 1541 3207 mem·

1453 1237 1752 1334 nem'

228 3233 491 3350 brorumque
522 3236 754 3334 mutilatio,
785 3255 826 3320 et
858 3235 903 3320 in
941 3255 1180 3348 perpetuam
1206 3232 1446 3320 seruitutem
1470 3232 1539 3322 de·
1603 3340 1608 3346 ,
1676 3327 1686 3343 ,
1783 3220 1787 3228 ’

226 3351 370 3440 trudo.
422 3353 532 3438 Hine
552 3353 705 3438 oceisro
722 3345 966 3447 liberorum,
980 3373 1130 3438 eorum
1152 3343 1539 3451 vulnerationem·

226 3465 485 3579 brorumque
507 3465 729 3565 mutilatio,
748 3487 818 3548 aut
832 3463 874 3548 in
895 3461 1133 3550 seruitutem
1145 3459 1327 3548 detrusro
1350 3461 1538 3551 emenda·

218 3583 333 3672 tioni
352 3577 593 3687 liberorum,
618 3608 740 3692 quam
758 3602 951 3690 tanquam
965 3573 1089 3662 finem
1104 3599 1290 3689 parentes
1306 3576 1353 3663 in
1366 3579 1539 3691 punien-

231 3693 295 3782 dis
320 3693 461 3782 liberis
486 3681 638 3783 babent
661 3693 940 3807 propositum,
980 3719 1066 3777 non
1088 3689 1336 3792 inseruiunt,
1367 3705 1409 3779 e't
1439 3695 1538 3784 inde
1672 3701 1675 3706 ’

231 3836 398 3923 quoque
420 3834 613 3924 tanquam
638 3806 815 3895 remedia
839 3801 1022 3893 adhiberi
1051 3824 1137 3893 non
1169 3805 1331 3894 debent.
1380 3810 1534 3896 Potius

218 3925 325 4013 eu'm
341 3922 570 4014 liberorum
588 3925 763 4021 occisio,
786 3921 1040 4019 vulneratio,
1055 3918 1534 4039 membrorumquemu·

221 4040 358 4130 tilatio
379 4062 452 4184 aut
480 4042 526 4130 in
554 4033 792 4131 seruitutem
822 4034 1008 4248 agrando,
1021 4029 1182 4127 'iiber'os
1206 4039 1362 4162 semper
1383 4035 1444 4234 ifm
1472 4083 1535 4241 ,οἰ
