3734 4734
710 256 876 352 Mestrium
911 241 1109 333 ‘commederit
1368 317 1372 326 -
1492 281 1561 355 ²31

253 427 328 544 gio
352 425 520 521 inserti,
543 422 789 537 aregioque
811 422 990 511 deduffi.
1042 426 1250 511 Neutrum
1280 420 1404 511 nobis
1427 428 1560 513 verist-

250 544 351 629 miie
370 540 501 626 visum
516 540 599 623 uste
624 564 674 623 ac
700 538 863 625 credun
879 541 1042 650 potius,
1066 537 1134 624 vbi
1154 540 1248 625 tetri
1271 539 1422 635 amoris
1448 542 1559 627 flam-

252 684 319 742 ma
342 656 497 769 petrori
513 650 728 751 insederit,
751 654 929 741 nonalia
945 652 1096 766 philtra
1109 653 1302 739 amatoria
1319 655 1559 766 quaerenda,

226 828 230 835 ·
253 798 388 881 neque
417 769 513 853 alias
539 767 772 853 offensionis
805 770 937 853 causas
963 772 1213 881 praepostere
1244 768 1553 881 excogitandas:

199 932 209 939 ·
251 910 297 971 vt
315 884 481 971 iuuenis
503 883 666 967 animus
685 880 730 965 in
755 880 942 969 furorem
958 885 1053 997 agi,
1078 907 1118 967 et
1142 880 1193 967 de
1215 887 1409 993 potestate
1438 911 1553 975 men·

252 1002 307 1086 tis
330 998 466 1083 eriiffe
488 994 710 1097 videretur.
765 994 1239 1083 VallisolemOlmedum
1252 998 1334 1090 Rex
1352 993 1472 1095 abiit,
1494 999 1556 1088 lo·

225 1116 229 1122 ’
252 1102 313 1202 eis
327 1109 518 1197 finitimis
536 1111 657 1195 smum
671 1108 888 1222 oppidum.
943 1110 1099 1197 Eodem
1121 1111 1253 1197 Maria
1282 1110 1434 1196 Fadilla
1463 1114 1558 1206 eius

250 1229 387 1316 accitu
411 1224 566 1311 Toleto
582 1224 716 1323 venit,
740 1226 935 1359 coniugis
963 1226 1141 1341 Reginae
1167 1223 1280 1313 nulla
1294 1224 1472 1337 amplius
1488 1254 1559 1315 ne-

251 1372 332 1457 que
354 1338 579 1435 memoria,
612 1366 747 1451 neque
774 1341 1030 1427 miseratione
1049 1401 1197 1425 ......
1254 1339 1403 1425 Blanca
1434 1342 1556 1453 Regi·

249 1485 298 1541 na
315 1453 485 1541 Medina
506 1452 726 1564 Campestri
744 1449 841 1551 ,vbi
859 1482 965 1540 curnv
979 1456 1135 1567 Regina
1158 1454 1275 1539 socru
1294 1450 1476 1543 honestis
1491 1457 1557 1545 s0-.

248 1571 358 1654 latiis
380 1570 506 1655 vitam
531 1566 753 1662 tolerabat,
796 1571 911 1679 prius
967 1564 1244 1679 ropemodum
1275 1565 1396 1653 vidua
1430 1596 1557 1679 quam

226 1684 403 1775 „coniux
419 1680 642 1767 Areualum
671 1674 790 1769 dueta
814 1687 896 1780 est,
939 1670 1079 1769 ubl'ato
1097 1684 1220 1767 etiam
1242 1682 1438 1771 sermonis
1456 1708 1554 1777 cum

247 1799 389 1896 socru,
426 1792 599 1904 aliisque
625 1794 890 1905 Principibus
924 1796 1180 1885 commercio
1198 1859 1322 1889 .....
1350 1796 1434 1886 Rex
1456 1824 1555 1886 vero

245 1913 283 1996 se
304 1934 346 1995 et
367 1906 678 2021 Rempublicam
694 1911 849 1996 Mariae
871 1913 1116 2024 propinquis
1141 1906 1454 2025 gubernandum
1476 1935 1554 1997 tra-

246 2025 416 2122 diderat,
438 2052 588 2109 eorum
612 2019 830 2120 arbitratu,
847 2022 946 2111 belii
969 2048 1012 2111 et
1033 2026 1143 2137 pacis
1174 2024 1341 2111 consilia
1357 2020 1552 2138 gereban-

244 2162 327 2230 tur.
384 2142 579 2224 Procerus
603 2139 759 2248 ipsique
788 2141 914 2251 Regis
942 2138 1084 2223 iratres
1109 2142 1288 2249 tempori
1311 2140 1470 2235 seruire,
1492 2150 1551 2225 at·‘

273 2282 328 2340 ue
350 2250 400 2337 ad
419 2252 609 2338 fortunae
631 2272 799 2365 motum
830 2257 867 2334 se
889 2278 1081 2336 mouere:
1121 2248 1170 2335 ad
1200 2252 1353 2341 Mariae
1379 2254 1551 2363 gratiam

245 2283 399 2467 donis,
427 2362 601 2464 officiis,
641 2363 930 2463 affehtatione,
970 2362 1127 2449 aditum
1161 2366 1344 2451 certatim
1377 2389 1551 2475 captare,

243 2480 364 2594 foeda
398 2509 536 2567 rerum
563 2500 653 2565 tota
685 2481 902 2591 prouincia
937 2479 1125 2566 colluuio
1143 2541 1154 2563 .
1173 2542 1183 2563 .
1201 2539 1240 2563 ..
1309 2474 1422 2565 Idem
1440 2482 1548 2579 Rex,

159 2688 164 2700 ,
218 2667 221 2672 .
243 2623 329 2708 qua
347 2598 573 2681 instituerat
588 2592 795 2694 socordia,
821 2622 940 2681 nouo
962 2595 1122 2709 flagitio
1144 2594 1283 2707 priora
1313 2593 1459 2682 scelera
1481 2620 1552 2679 cu-

241 2711 438 2797 rnulauit:
465 2710 553 2794 vtsr
576 2706 755 2796 aliorum
779 2708 994 2823 turpitudo
1012 2710 1183 2798 excusati
1205 2708 1354 2823 poffet,
1370 2707 1455 2797 hoc
1470 2710 1549 2798 cri·
1734 2806 1743 2827 ,

183 2848 187 2855 “
240 2826 354 2912 mine
370 2826 545 2938 *penitus
574 2819 785 2929 obruamr.
869 2828 1021 2911 Ioanne
1042 2825 1218 2923 cauria,
1246 2821 1420 2937 Diegho
1436 2828 1548 2911 Haro
1614 2847 1617 2857 ’
1678 2866 1682 2877 ·

241 2940 392 3028 marito
410 2936 624 3033 defunfio,
651 2935 796 3042 vidua,
814 2941 882 3026 cui
906 2940 1040 3024 forma
1065 2941 1290 3051 comparari
1306 2938 1417 3025 nulla
1435 2962 1548 3051 potes.

240 3075 320 3158 rat,
345 3053 493 3167 iniigni
519 3049 743 3163 pudicitiae
771 3051 914 3151 laude,
946 3051 1155 3139 viduitatis
1191 3052 1456 3139 incommoda
1485 3053 1546 3138 su-
1648 3055 1651 3061 ’

240 3163 456 3265 stentabat,
479 3168 523 3250 in
544 3193 632 3254 eam
658 3168 741 3252 Rex
763 3170 904 3280 prauis
931 3161 1227 3277 cupiditatibus
1250 3165 1449 3276 imperare
1464 3189 1545 3251 ‘ne-

239 3282 373 3393 scius,
394 3279 543 3368 oculos
569 3282 782 3376 iniecerat,
804 3279 1048 3392 pudicitiam
1066 3305 1296 3390 expugnare
1318 3304 1402 3361 non
1421 3280 1545 3389 spera-

188 3494 196 3510 Ι
236 3393 328 3495 but,
354 3390 541 3507 coniugii
565 3394 717 3508 species
739 3392 964 3505 praetensa,
988 3389 1109 3505 fingit
1140 3393 1178 3476 se
1209 3388 1412 3479 coelibem
1444 3391 1542 3478 esset

215 3510 405 3621 ,Biancae
428 3512 593 3620 nuptias
614 3539 662 3595 ex
692 3512 831 3595 animo
856 3508 1102 3604 auersatum,
1117 3505 1239 3591 cuius
1259 3503 1316 3591 tei
1338 3509 1473 3605 testes,
1482 3506 1545 3595 in-

235 3624 424 3737 deraque
456 3623 793 3735 proferebantur,
837 3649 972 3735 neque
1011 3622 1123 3707 enim
1169 3619 1298 3712 deeffe
1339 3643 1542 3734 poterant.

233 3740 421 3856 Episcopi
437 3740 627 3825 §metius
648 3734 890 3838 Abulensrs,
913 3742 1087 3825 Ioannes
1111 3736 1404 3826 Salmaticenfis
1435 3736 1544 3829 dere

234 3851 511 3960 coappellari,
549 3852 770 3939 secundum
792 3855 916 3968 Regis
945 3848 1173 3956 libertatem
1204 3854 1543 3963 pronuntiarunt,

232 3966 387 4058 furenti
404 3965 582 4074 Principi
599 3994 825 4085 repugnare
847 3998 933 4064 non
957 3967 1059 4066 aust,
1078 3968 1348 4079 vincenteque
1359 3960 1542 4090 honesta-

341 4096 345 4103 ’
638 4095 662 4115 ··
834 4109 839 4119 ·
1481 4094 1536 4157 trs
