3734 4734
201 295 244 378 t*
349 299 373 404 ’ἢ
396 249 681 389 SesssdTurda
691 285 861 381 rustum
875 246 1060 366 externum
1076 288 1232 386 illussrara
1250 247 1408 398 erenrplr's.
1444 348 1449 356 .
1486 315 1556 399 39¹

245 485 340 574 erga
353 459 523 571 patriam
536 456 785 558 merita-etsi
803 455 852 542 ad
868 449 1185 572 plerasque'iure
1202 459 1449 548 hereditario
1464 491 1555 576 per·

241 577 458 679 uenerint,
474 600 518 658 ac
542 574 654 687 saepe
675 571 842 658 seminis
861 573 1019 660 dotales
1038 575 1243 672 cesserint,
1265 603 1478 688 nunquam
1496 603 1555 666 ta·

179 711 185 719 ·
243 715 341 777 men
359 687 408 794 ad
428 689 671 772 memoriam
692 715 822 798 vsque
839 691 1015 770 nostram
1031 689 1242 800 proditum
1259 695 1325 780 est.
1342 691 1550 792 seminam,

241 826 310 889 aut
334 803 376 887 in
404 799 577 913 publico
598 801 770 886 confilio
787 799 1032 912 praesedisse,
1056 825 1129 891 aut
1146 805 1213 888 ius
1227 801 1378 910 dixisse,
1395 829 1465 918 aut
1481 836 1551 893 eo·

241 945 358 1016 rum,
373 943 479 1029 quae
502 915 669 1027 propria
679 914 866 1000 virorum
882 912 1120 1014 creduntur,
1131 917 1263 1002 vllum
1278 921 1548 1006 munusvsur·
1574 987 1575 996 Ν
1632 923 1638 932 ’

288 1030 350 1144 sile.
410 1029 543 1142 Q'od
562 1029 793 1114 institutum
812 1031 1104 1116 cummaiores
1121 1034 1247 1117 nostri
1262 1033 1387 1118 nuliis
1404 1031 1547 1122 obstri-

279 1147 294 1230 i
321 1142 514 1256 legibus,
531 1161 617 1228 tam
641 1147 869 1228 constanter
892 1139 1166 1251 obseruarint,
1191 1169 1355 1232 naturae
1380 1171 1544 1238 tantum

209 1259 428 1349 instintiu
455 1257 645 1370 impulsr,
667 1257 696 1340 sr
722 1282 963 1362 noseorum
987 1259 1158 1368 posteri,
1187 1259 1374 1348 aduersus
1406 1261 1544 1376 legem

226 1375 428 1488 ,omniunt
444 1373 642 1488 suffragiis
667 1391 900 1490 acceptam,
916 1392 1058 1456 ettam
1075 1371 1208 1484 longo
1229 1375 1298 1472 vsu
1313 1372 1541 1484 probatam,

156 1505 169 1514 ’
239 1492 283 1582 in
292 1487 545 1574 manifestum
557 1485 795 1598 periculum
811 1488 956 1598 statum
975 1482 1189 1594 publicum
1206 1487 1541 1600 praecipitemus,

237 1604 332 1719 quis
359 1597 490 1688 nona
519 1599 758 1687 temeritatis
798 1596 918 1697 dico,
957 1595 1022 1683 sed
1048 1599 1217 1686 insaniae
1252 1621 1348 1716 nor.
1374 1601 1541 1690 infamia

238 1711 483 1806 vindicabit!
512 1715 742 1828 praesertim
774 1741 873 1800 cum
894 1711 1092 1822 exemplis
1124 1701 1369 1828 propinquis
1389 1713 1544 1823 admo-

112 1829 176 1900 5-
234 1859 414 1922 neamur.
476 1837 688 1916 .Saxones‘
705 1827 847 1926 enim,
871 1823 927 1912 ob
950 1829 1072 1912 vnius
1095 1827 1371 1944 Ethelburgae
1398 1829 1542 1937 scelus,

233 1952 324 2064 lege
346 1965 575 2041 cauerunt,
587 1969 641 2029 ne
656 1941 736 2026 vlla
750 1939 948 2052 deinceps
964 1941 1075 2054 regis
1096 1968 1198 2028 vxor
1215 1948 1355 2058 regina
1375 1972 1541 2031 vocare·

232 2088 301 2150 tur
314 2124 326 2161 ,
341 2081 411 2146 aut
425 2058 575 2144 insede
588 2055 764 2146 honoris
784 2057 833 2140 in·
849 2049 1023 2166 publico
1038 2080 1134 2169 rege
1150 2057 1346 2144 assideret.
1403 2060 1542 2170 Opac-

138 2231 144 2242 -
231 2179 274 2263 so
290 2176 419 2289 igitur
435 2169 654 2284 diligenter
666 2166 902 2282 expendite,
920 2189 1120 2278 quantum
1136 2166 1186 2254 ab
1201 2197 1345 2258 eorum
1364 2173 1542 2283 pruden-

237 2291 295 2377 tia
313 2287 580 2400 degenerent,
603 2285 676 2396 qui
703 2283 891 2369 aduersus
910 2281 1047 2369 leuem
1065 2301 1152 2367 tarn
1165 2287 1375 2380 vetustam,
1391 2284 1541 2369 tamfe·
1599 2331 1601 2334 >

139 2499 143 2507 ¹
231 2403 358 2512 minis
375 2399 533 2498 utilem,
544 2420 667 2510 quam
683 2399 782 2484 viris
796 2351 1089 2512 honorificum,
1110 2396 1274 2484 clauum
1290 2394 1542 2510 reipublicae
1612 2395 1615 2403 ’

232 2521 293 2622 eis
323 2515 610 2617 committant,
633 2510 785 2626 quibus
806 2511 983 2598 maiores
1000 2512 1125 2598 nostri
1155 2539 1241 2598 nun
1271 2519 1366 2598 uarn
1383 2539 1541 2601 nomen

113 2658 146 2674 “·
182 2719 190 2729 ,
231 2632 396 2748 regium
409 2625 700 2745 indulserunt:
731 2627 860 2713 vicini
888 2629 1012 2711 etiam
1033 2625 1209 2712 honoris
1225 2541 1341 2713 iiiios
1361 2623 1541 2716 vocabu«,
1596 2633 1599 2638 ’

152 2794 159 2806 =
200 2764 203 2777 '
232 2748 323 2839 lum
338 2738 589 2830 a'dem'er'unt.
646 2742 761 2828 Aliae
776 2739 963 2826 nationes
980 2737 1096 2844 aliter
1117 2741 1436 2830 consueucrunt:
1454 2765 1542 2854 quo

231 2848 407 2947 successu
428 2857 565 2942 dicem
588 2859 754 2968 postea,
775 2852 907 2939 modo
930 2857 1046 2965 prius
1078 2856 1138 2940 eis
1159 2856 1441 2969 respondeam,
1467 2855 1540 2966 qui

199 3045 204 3052 ,
228 2974 334 3080 hanc
359 2972 494 3084 legem
515 2994 601 3058 non
623 2968 775 3066 audent
788 2962 958 3080 publice
973 2968 1231 3068 calumniari,
1253 2971 1296 3054 in
1312 2968 1540 3068 mulierum

98 3117 102 3120 ·
199 3112 201 3120 ·
232 3109 367 3176 autern
394 3081 729 3186 conuenriculis‚
756 3102 965 3192 tamquam
997 3083 1183 3194 iniquam
1212 3103 1403 3198 arguunt.
1456 3085 1538 3167 Ve⁴

229 3220 322 3291 rum
338 3197 530 3312 quisquis
549 3201 626 3302 est,
671 3196 721 3282 ui
741 3222 830 3280 eam
854 3191 1252 3307 reprehendit,·non
1275 3197 1347 3282 illo
1369 3197 1537 3283 sandio-

230 3347 327 3406 nem
343 3317 521 3425 aliquam
537 3225 761 3397 hundium
776 3307 1119 3426 modo-suffragiis
1140 3307 1537 3423 comprobatamsed
1571 3325 1593 3374 ⁸
1650 3407 1653 3418 ¹

231 3455 420 3516 naturam
441 3423 588 3540 ipsam,
603 3424 690 3513 hoc
710 3427 790 3523 est,
807 3423 942 3539 legem
968 3423 1081 3508 illam
1108 3425 1361 3536 primariam,
1394 3450 1416 3507 a
1439 3428 1534 3511 Deo

229 3546 276 3630 in
299 3545 458 3626 animos
491 3543 653 3625 nostros
665 3537 867 3652 incisam,
893 3535 1001 3622 velle
1023 3537 1318 3650 reprehendere
1342 3535 1533 3627 videtur:
1565 3625 1580 3644 ,

197 3707 204 3724 ι
226 3659 437 3746 Naturam,
451 3655 634 3764 inquam,-
657 3679 780 3763 quarn
802 3655 936 3737 noster
948 3651 1167 3764 legislator
1184 3654 1225 3737 in
1235 3653 1320 3738 hac
1336 3652 1529 3766 roganda,

227 3769 379 3856 ducem
402 3784 441 3849 et
469 3768 743 3862 consiliorum.
762 3767 931 3879 suorum
949 3769 1171 3852 rectricem
1193 3763 1348 3854 habuit.
1403 3771 1530 3852 Natu·
1607 3837 1612 3879 :

223 3915 268 3976 ra
282 3879 395 3970 enirn
417 3874 466 3960 ab
481 3878 611 3964 initio
629 3908 714 3967 non
741 3880 875 3966 modo
893 3881 1007 3964 viros
1025 3907 1047 3965 a
1067 3879 1255 3974 seminis,
1288 3879 1413 3964 animi
1438 3905 1530 3965 cor·
1669 3923 1673 3934 ·

220 3999 422 4118 purisque
437 3986 594 4085 viribus
609 3991 893 4098 discreuit,‚sed
906 3994 974 4082 sua
989 3995 1140 4106 cuique
1154 3993 1261 4084 sexui
1271 3991 1430 4098 munia,
1443 3990 1531 4120 suas

347 4161 353 4178 ‚.
744 4120 750 4135 ⁸
1046 4131 1051 4140 ·
1448 4127 1528 4195 pqr.
