3734 4734
197 354 203 364 Ι
307 270 378 347 312
691 349 696 364 ⁵
834 237 1083 345 Cly-libili

225 454 255 525 j
308 448 348 507 ea
367 414 464 541 quod
476 440 593 502 amnes
607 410 835 531 Langobardi
853 410 1087 519 eidemfidtm
1109 412 1617 529 ttcmfiecramentirfimnmu.

307 558 419 639 rant,
450 528 703 617 chrotharium
730 524 915 649 quemdam
947 556 1053 613 unum
1078 557 1126 615 ex
1153 528 1315 615 Ducihue
1342 532 1385 619 de
1412 545 1615 647 territoria,

310 654 469 735 Brixiae
483 641 581 751 adst
599 650 726 728 venire
741 648 949 761 praecipit:
971 668 1050 725 eum
1071 644 1285 759 compellens,
1300 671 1340 733 vt
1355 641 1502 737 uxarcm

310 758 475 858 babebat,
498 757 745 873 relinqueret,
776 780 813 841 et
835 784 915 841 eam
935 764 1166 843 matrimonia
1187 766 1387 878 acciperet:
1408 788 1480 883 per
1503 769 1618 881 ipsam

310 904 427 960 omncs
455 867 683 991 langubardi
711 900 789 956 eum
798 866 1046 989 stahhimabunt
1067 878 1106 957 in
1134 902 1175 957 re
1200 902 1253 957 no.
1336 876 1448 986 Quod
1465 878 1619 967 Cbruta·
1654 966 1661 975 ,

309 996 391 1076 rius
405 986 559 1075 libenter
570 986 805 1095 academicus,
815 987 1061 1096 sacramentis
1069 1010 1140 1103 per
1188 986 1619 1101 casantbcrumfirmanm

309 1134 355 1190 nt
368 1132 524 1225 unquam
545 1096 813 1219 Gundebergam
832 1100 1076 1217 postponeret,
1100 1130 1162 1213 nce
1184 1096 1227 1187 de
1247 1099 1375 1191 homme
1387 1106 1532 1227 gradus
1547 1110 1619 1195 ali-

307 1216 401 1339 quid
420 1226 615 1319 minueret,
636 1216 817 1331 ipsamque
832 1222 935 1300 unica
949 1244 1070 1299 amore
1093 1214 1248 1335 diligens
1268 1225 1310 1303 in
1333 1216 1492 1306 amnibus
1512 1222 1620 1310 bona·
1692 1282 1708 1291 -

305 1324 1043 1563 ihcbisth'ihhiihihnssihbi'
1063 1328 1677 1564 lhl“ll”l}l”l'bhlz-

232 1586 238 1597 ·
308 1570 391 1654 ritu
419 1591 497 1649 cum
520 1586 677 1678 regnare
705 1561 886 1673 tcept'ffet,
911 1556 1037 1643 mults
1052 1556 1221 1643 nobilium
1230 1558 1539 1679 brgcbardatncm
1549 1590 1621 1685 pa.

310 1706 385 1765 cem
387 1674 569 1782 sedantes
577 1679 691 1775 jecit.
745 1668 983 1757 Chrctbarius
997 1666 1126 1757 ahlituc
1133 1672 1620 1815 sacramentiquadGundaa

310 1791 444 1910 burgae
463 1785 631 1885 dederat,
660 1812 807 1904 eamque
827 1790 867 1867 in
888 1814 995 1869 vnum
1020 1780 1215 1871 cubiculum
1241 1792 1363 1874 Ticini
1382 1793 1527 1879 ruauh
1549 1817 1621 1909 pa·

208 1975 215 1983 .
312 1906 400 1992 latii
418 1899 599 1994 retrudit,
630 1926 777 2013 tamque
790 1895 843 1983 ad
856 1904 1046 2015 priuatum
1067 1896 1227 1985 habitum
1244 1908 1494 2011 uiuerejecit:
1513 1912 1620 2026 quin·

313 2048 382 2141 qut
411 2047 523 2103 annas
532 2009 604 2122 suh
623 2041 667 2101 ea
686 2012 879 2117 retrufiune
899 2038 1054 2099 tenetur.
1108 2010 1345 2103 motharius
1365 2043 1437 2137 per
1459 2016 1621 2105 concubi·
1793 2026 1800 2036 '

313 2164 381 2220 nas
395 2123 658 2218 debachabatur
685 2126 822 2227 afflduc.
875 2125 1062 2215 Guetdeber
1087 2160 1134 2235 a,
1163 2157 1202 2213 ea
1229 2131 1327 2249 quad
1348 2136 1428 2244 effre
1450 2132 1622 2240 christia

312 2278 384 2355 na,
397 2249 445 2330 'in
465 2244 532 2329 hac
556 2240 789 2328 tribulatium
808 2238 1031 2332 henedicehut
1048 2156 1165 2333 baum
1182 2252 1463 2367 omnipotentem,
1475 2254 1623 2335 ieiuniis

310 2388 348 2481 et
375 2356 596 2450 arationibus
615 2356 750 2467 atstdca
770 2354 1006 2476 petumabat.
1194 2375 1199 2381 ’

804 2548 841 2659 §.
898 2550 1112 2639 LXXXIII.

426 2714 625 2807 Emanuel
640 2712 892 2804 Philibettus
910 2722 1007 2806 Dux
1025 2712 1245 2807 Sabaudiae
1263 2716 1539 2806 concubinam
1553 2710 1622 2803 ha·

312 2836 408 2941 buit
439 2834 676 2921 Lucretiam
700 2828 891 2939 Probam,
913 2832 1096 2948 puellam
1118 2833 1422 2933 Taurinensem
1450 2834 1647 2929 Lautam

312 2944 743 3059 Creuolam,puellam
757 2946 1053 3037 vercellensem
1069 2972 1110 3037 et
1127 2950 1353 3037 Beatricem
1369 2946 1421 3035 de
1437 2951 1621 3065 Langus·

314 3095 398 3183 que
420 3060 759 3153 Marchionillam
776 3061 827 3151 de
850 3066 1061 3159 Pianezze.
1114 3062 1310 3151 Eiusdem
1334 3062 1445 3153 filius
1464 3086 1622 3150 natura·

315 3186 369 3274 lis
392 3176 597 3271 Amadeus
614 3178 667 3265 de
681 3174 880 3287 sabaudia
906 3178 1053 3269 habuit
1075 3178 1246 3267 Martini
1269 3180 1422 3267 Dorice
1448 3179 1623 3271 Genera·

317 3303 372 3389 lis
388 3296 573 3386 Nauium
596 3289 911 3382 Sabaudiramm
935 3295 1065 3383 filiam
1086 3299 1155 3405 (a).
1212 3295 1388 3383 Carolus
1424 3288 1622 3384 Emanuel
1722 3326 1727 3337 ·

316 3422 415 3508 Dux
437 3406 658 3499 Sabaudiae
680 3405 825 3517 habuit
839 3404 1097 3500 Ludouicam
1127 3406 1178 3497 de
1205 3406 1623 3525 Duyn-Mareschall,

142 3617 147 3625 ,
314 3528 583 3728 Αῐῗεηῑίηαω
606 3529 860 3635 Prouanam‚
890 3527 1085 3616 Francisci
1109 3526 1340 3631 Proclama,
1362 3523 1543 3612 Comitis
1572 3520 1623 3612 de

315 3648 381 3734 Co
399 3642 551 3754 legno,
582 3639 726 3750 Magni
748 3639 967 3728 sabaudiae
999 3639 1239 3730 Cancellarii
1270 3638 1418 3747 fillum,
1450 3638 1626 3733 Mariam
1762 3716 1767 3725 .

283 3754 619 3875 ‘Margaretham
644 3752 985 3845 Rosstllonensem
1022 3754 1075 3843 de
1105 3752 1384 3857 Chastellard‚
1412 3750 1627 3843 Marchio·
1731 3757 1736 3770 ’

1483 3894 1529 3955 111

367 4090 696 4263 (mxchtsscfittnon
720 4086 859 4216 lbflcirc
872 4086 913 4165 n
929 4088 1050 4187 Scucyc
1068 4094 1293 4194 p.7052706.
1316 4056 1625 4163 cumaculam
