3734 4734
357 305 432 394 614
667 287 809 392 Cap-VI.
834 287 987 377 oerum,
1005 309 1069 396 qao
1085 291 1238 366 Gemens
1257 296 1372 368 cirea*
1395 290 1424 300 ''
1464 311 1500 346 ·.

354 459 483 552 nitela
502 455 674 546 feudalis
707 457 848 544 necin
871 449 1019 570 pupilli
1037 455 1297 564 educatione,
1318 485 1395 550 nec
1418 461 1463 550 in
1493 459 1665 552 admini-

357 578 547 666 stratione
574 571 787 660 bonorum
808 573 1099 686 pupillarium,
1130 577 1206 686 sed!
1220 579 1355 664 solum·
1372 581 1416 664 in
1440 583 1664 692 praestatio-

360 720 413 782 ne
449 689 711 780 semitiorum
750 689 938 774 consrstit'
962 693 1211 800 equestrium
1235 692 1425 804 (dxvi.)
1444 694 1502 780 ita
1525 719 1666 791 nutet,

390 803 547 893 uae·'ad
577 803 737 890 seruitia
773 799 1030 916 adimplenda
1060 801 1257 893 inhabilis
1293 811 1350 892 est
1381 810 1600 920 equestria,
1615 805 1667 892 ad

358 839 472 1010 diam
496 917 608 1006 nulla
629 913 789 1004 admitti
814 921 946 1030 potest
966 919 1124 1006 ratione
1146 921 1230 1034 (z).
1285 923 1379 1011 lmo
1401 920 1473 1032 qui
1496 943 1669 1008 matrem

359 1037 405 1124 in
433 1032 567 1121 feudis
582 1031 776 1119 tutricem
791 1029 1047 1130 adnitatur,
1069 1037 1292 1148 genuinam
1320 1035 1472 1123 tutelae
1494 1034 1666 1122 feudalis

361 1147 664 1268 indolemsrne
687 1142 817 1232 dubio
855 1171 943 1232 non
970 1149 1223 1262 respiciunt,
1257 1149 1411 1263 potius·
1436 1143 1669 1239 allodialem

360 1288 461 1354 curn
482 1259 633 1350 feudali
658 1257 933 1346 confundunt.
986 1263 1091 1346 Nam
1107 1263 1204 1352 licet
1218 1267 1339 1350 matri
1361 1265 1514 1362 vasalli,
1536 1267 1666 1376 inpu-

359 1372 1200 1496 pillaribusannisconstiruti,educatio,et
1214 1377 1665 1466 stmulcumillaadmi·

359 1495 543 1584 nistratio
560 1487 777 1578 bonorum
790 1487 1015 1576 feudalium
1033 1493 1239 1580 committi
1257 1517 1400 1604 queat,
1423 1492 1519 1578 in'de
1532 1513 1667 1580 tamen

359 1611 431 1700 illa
446 1609 572 1699 tutrix
593 1629 679 1721 non
697 1597 875 1692 efficitur
891 1603 1087 1714 feudalis,
1110 1605 1175 1692 sed
1198 1605 1299 1692 dum
1314 1605 1472 1694 fruflus
1485 1605 1667 1692 feudales

358 1738 572 1840 nunquam
589 1717 706 1807 aliter
727 1747 850 1830 quam
865 1717 1006 1807 allodii
1030 1721 1121 1808 iure
1144 1723 1390 1827 censeantur,
1398 1735 1552 1808 'eorum
1567 1748 1668 1834 quo·

361 1869 444 1954 que
466 1834 759 1924 administratio
776 1833 826 1924 ad
840 1833 975 1920 solum
996 1833 1143 1946 spedat
1167 1834 1605 1924 tutorem-allodialem
1628 1854 1670 1920 et

71 1939 76 1946 ’
219 1969 227 1994 ’
361 1959 417 2042 sic
440 1952 489 2038 ad
508 1973 694 2052 matrem,
708 1973 811 2061 quae
823 1943 1067 2051 allodialem
1094 1945 1217 2036 lubet
1239 1949 1424 2038 tutelam.
1478 1951 1588 2036 Hinc
1605 1975 1666 2034 re·

360 2073 425 2160 &e
446 2089 487 2154 et
508 2094 557 2153 ex
569 2085 711 2152 natura
733 2060 883 2148 tutelae
905 2059 1078 2149 feudalis
1108 2063 1340 2176 procedunt
1367 2067 1567 2168 Saxones,
1597 2063 1667 2196 qui
1813 2136 1814 2157 ,

362 2205 536 2274 matrem
564 2175 734 2293 quidem
759 2203 781 2266 a
804 2176 932 2264 tutela
953 2175 1134 2265 allodiali
1157 2200 1200 2266 et
1227 2181 1284 2267 stc
1300 2203 1473 2292 'quoque
1494 2206 1517 2280 a
1538 2175 1667 2263 nulli
1813 2176 1814 2179 ‘

361 2294 590 2411 impuberis
615 2289 862 2381 educatione
881 2311 922 2376 et
937 2289 1154 2380 fruetuum
1180 2292 1405 2382 feudalium
1423 2290 1667 2378 administra·

362 2415 480 2502 tione
495 2435 581 2494 non
604 2403 851 2504 excludunt,
866 2469 870 2478 ·
887 2407 943 2495 ast
964 2409 1085 2494 r'natri
1103 2429 1293 2498 tutorem
1322 2409 1505 2521 iungunt
1531 2402 1670 2492 feuda·

361 2529 468 2623 lem,
487 2521 608 2610 cuius
631 2543 769 2634 partes
792 2521 884 2606 sunt
906 2520 1068 2608 seruitia
1091 2517 1311 2637 officiaque
1340 2525 1535 2636 praestare
1555 2518 1673 2606 vasal-

360 2641 490 2736 litica‚
577 2661 645 2722 ere
661 2636 922 2722 inuesliturae
936 2635 1251 2726 renouatlonern
1265 2659 1308 2726 et
1325 2632 1479 2742 curare,
1496 2661 1548 2724 ne
1562 2659 1674 2748 prae-

360 2753 480 2840 dium
514 2745 657 2834 eudale
675 2749 739 2832 vel
756 2748 970 2862 integrum
990 2750 1055 2834 vel
1071 2777 1148 2862 pro
1199 2774 1283 2840 arte
1305 2752 1520 2846 alienetm,
1546 2775 1604 2835 ne
1622 2748 1675 2832 il·

359 2863 434 2956 lud
465 2861 644 2952 deterius
668 2857 858 2953 reddatur
882 2882 952 2966 aut
974 2863 1133 2954 ratione
1155 2782 1272 2955 feudi
1296 2864 1452 2982 aliquid
1463 2866 1509 2953 in
1523 2861 1670 2980 pupilli

360 2981 431 3102 fiat
450 2975 760 3096 praeiudicium
792 2981 863 3088 (ap
1044 3087 1049 3100 .
1123 3078 1128 3089 ι
1236 3039 1244 3048 .
1425 3039 1434 3056 ,
1551 3045 1560 3059 .

474 3215 655 3306 Minime
676 3231 815 3302 tamen
840 3209 949 3298 inter
970 3213 1146 3304 illustres
1169 3213 1313 3306 eadem
1324 3216 1482 3306 iurium
1495 3215 1598 3304 sada
1616 3215 1674 3303 ess

362 3333 563 3432 inuersio,
586 3355 690 3444 quae
711 3325 817 3426 inter
830 3327 1030 3461 priuatos.
1084 3329 1326 3420 Germaniae
1341 3333 1456 3422 enirn
1464 3357 1672 3446 proceres,

205 3502 212 3514 ι
363 3453 470 3652 ἔξω
485 3447 638 3558 semper
658 3441 709 3527 de
730 3441 871 3556 patrias
894 3439 1055 3534 iuribus
1084 3447 1359 3559 moribusque
1384 3442 1675 3546 conseruandis

411 3583 531 3652 erunt
560 3557 752 3658 solliciti,
769 3555 827 3643 ita
845 3551 990 3648 'adhuc
1006 3553 1135 3686 hodie
1149 3562 1195 3646 in
1209 3562 1431 3652 tutelarum
1444 3563 1572 3650 causas
1587 3560 1677 3672 ple·

1560 3673 1795 3762 rum'

415 3756 779 3990 mxli‘djfwllslm
800 3809 923 3910 quaesi.
937 3811 1010 3893 ΧΠ.
1030 3837 1065 3891 n.
1081 3831 1139 3912 14.
1165 3823 1365 3894 carator.
1391 3821 1490 3893 l'arte
1504 3815 1549 3888 ΙΙ.
1572 3809 1677 3888 anast.

411 4015 467 4118 (a)
493 4037 668 4088 nererva
693 4017 729 4089 Ρ.
743 4017 784 4092 11.
809 4017 867 4114 q'u.
884 4007 1066 4111 ram-ra.
1087 4039 1209 4124 apra.
1227 4027 1372 4124 stripe.
1387 4017 1483 4115 fad
1505 4013 1593 4116 Cap.
1613 4013 1677 4086 Vl.

420 4241 424 4249 Ι
473 4107 808 4310 {imminua
829 4137 1143 4240 §nuenarianae
1163 4121 1262 4194 lineo
1281 4117 1472 4221 lursrseud
1487 4119 1580 4222 lili.
1600 4135 1678 4214 rap.

555 4267 565 4288 .
612 4229 721 4312 ,Μ
744 4239 967 4302 sentiam,
983 4235 1121 4322 exerat,
1139 4239 1200 4321 37.
1219 4224 1249 4319 ς.
1261 4243 1323 4328 57.
