3734 4734
321 279 398 359 230
782 230 787 251 ¹
842 266 997 368 Capill.
1046 266 1097 336 De
1170 290 1178 301 ·

326 431 474 519 britate
494 428 671 542 pendia,
690 453 844 515 nouam
853 424 1027 544 ‚nuptam
1043 426 1263 529 fastidiuit,
1287 425 1511 515 inl’adillae
1526 452 1640 520 amo·
1741 448 1745 455 “

328 541 419 647 rem
442 544 655 643 effusuS,sr
682 548 817 659 regiae
839 547 950 657 stirpi
977 566 1301 657 compararetur,
1318 540 1544 657 ignobilip‚
1566 574 1663 658 ne·¹

327 688 410 773 que
436 658 584 743 maiori
611 659 767 745 formae
797 658 1123 771 pulchritudine.
1161 662 1282 746 Tanti
1307 657 1554 772 plerumque
1582 664 1641 747 est

322 777 600 900 praeppsterae
622 776 808 859 animum
828 772 992 860 libidini
1024 775 1259 885 mancipari.
1343 771 1481 885 Biduo
1506 798 1639 861 trans·

229 981 237 997 ³
327 892 417 976 atio
441 885 699 975 Montalbani
728 914 864 975 arcem
886 888 936 973 ad
960 890 1062 1003 Tagi
1079 890 1260 975 fluminis
1279 890 1432 997 ripam
1447 880 1516 971 vbi
1538 892 1637 975 ami·

327 1032 418 1108 cam
440 994 578 1107 anth
590 1029 701 1088 nunc
726 1001 933 1115 pellicem,
951 1004 1191 1115 reliquerat,
1225 1002 1467 1086 continuato
1494 1002 1640 1116 itinere

328 1118 512 1207 festinare
528 1116 714 1227 parabata
742 1146 841 1203 cum
867 1118 1010 1230 regina
1030 1142 1177 1215 mater,
1207 1114 1409 1201 Eleonora
1431 1116 1554 1233 amita
1578 1144 1639 1202 re*

327 1236 393 1349 gis
418 1233 588 1318 consilio
605 1226 807 1331 indicato,
832 1261 931 1318 eum
952 1234 1122 1317 remotis
1143 1226 1303 1317 arbitris
1319 1228 1546 1347 per-omnia
1561 1255 1637 1315 nu·
1679 1238 1682 1242 ’

226 1377 229 1386 ’
326 1349 461 1445 mina,
484 1369 524 1431 et
548 1342 750 1458 quidquid
774 1345 817 1434 in
840 1348 960 1432 terris
977 1344 1161 1433 amarum
1179 1348 1256 1443 eii,
1283 1370 1334 1429 ne
1351 1344 1412 1441 fe,
1442 1344 1634 1457 regnum,

324 1462 538 1565 fortunas,
578 1460 760 1545 nominis
803 1459 1139 1546 existimationem
1169 1458 1371 1571 praecepti
1404 1460 1665 1557 temeritate,

322 1574 532 1689 perditum
554 1598 640 1669 eat,
656 1572 832 1685 profuns
854 1576 1049 1687 lacrymis·
1069 1570 1332 1689 obtestantur.
1353 1584 1375 1661 .'
1389 1566 1506 1677 Quid
1539 1569 1632 1659 orbi

324 1692 565 1801 sermonem,
588 1688 715 1774 Gallis
737 1716 861 1789 arma,
877 1691 1071 1775 iniuriam
1090 1718 1176 1775 non
1194 1688 1350 1784 laturis,
1370 1679 1533 1771 ciuibus
1550 1685 1649 1777 dis·.

323 1802 519 1891 odiorum
536 1801 744 1888 materiam
768 1804 890 1891 daret.
949 1806 1141 1919 Ignorare
1156 1802 1349 1889 videlicet
1368 1802 1526 1913 integra
1535 1826 1631 1913 pro·

323 1911 463 2005 bitatis
491 1916 595 2001 luna
619 1916 797 2003 humana
811 1920 982 2030 imperia
1006 1922 1199 2015 constare,
1217 1944 1324 2028 quos
1340 1912 1500 2000 destitui
1518 1940 1538 1997 a
1554 1942 1631 1998 nu·

322 2033 462 2131 mine,
485 2028 639 2145 quibus
657 2030 858 2117 infensum
874 2035 1034 2119 caelum
1062 2034 1159 2129 else,
1184 2030 1304 2115 semel
1329 2028 1452 2113 fuerit
1476 2029 1630 2141 persua·

325 2148 412 2233 lum
428 2208 440 2245 ,
459 2146 503 2230 in
525 2174 598 2232 eos
616 2143 811 2233 homines
832 2148 938 2232 mala
961 2149 1101 2233 omnia
1123 2145 1229 2257 quasi
1246 2144 1353 2229 fado
1372 2144 1536 2254 agmine
1553 2144 1630 2225 im·
1686 2176 1691 2183 ·

321 2286 466 2376 petum
504 2255 609 2346 dare.
689 2264 940 2347 teuissmae
981 2262 1174 2377 coniugis
1211 2258 1324 2345 luciu
1368 2278 1628 2341 moueretur:

321 2380 495 2487 eiusque
531 2399 672 2460 amore
702 2376 863 2461 foedam
895 2373 1112 2462 libidinem
1137 2395 1412 2461 commutaret
1428 2380 1457 2459 :j
1495 2396 1629 2483 neque

273 2538 277 2545 ·
320 2491 479 2601 flagitio
503 2490 546 2571 in
572 2488 742 2571 exitium
759 2512 907 2575 rueret.
961 2490 1024 2574 Ad
1057 2486 1130 2575 has
1159 2488 1230 2574 ille
1254 2511 1379 2573 voces
1406 2481 1512 2571 nihil
1537 2512 1629 2570 mo·
1705 2570 1708 2575 .

322 2604 439 2697 ueri,
471 2624 593 2715 negat
615 2620 775 2685 tantum
798 2602 868 2686 fibi
898 2603 941 2687 id
964 2604 1041 2688 else
1068 2605 1355 2715 propositum,
1391 2629 1491 2684 mox
1523 2599 1628 2684 clam

319 2713 505 2801 adduuis
531 2714 725 2802 iumentis
745 2715 922 2831 fugienti
945 2718 1086 2803 fimitis
1100 2716 1281 2806 discedit.
1330 2716 1378 2799 Et
1398 2715 1554 2799 strnuna
1569 2736 1627 2797 ta-

319 2856 417 2915 men
438 2848 659 2940 procerum
684 2834 951 2918 contentione
981 2836 1265 2945 impetratum,
1291 2856 1334 2918 vt
1355 2830 1439 2914 Rex
1473 2826 1521 2913 ad
1550 2854 1624 2912 no·

318 2971 416 3030 uam
446 2967 615 3055 nuptam
645 2944 929 3033 Valliloletum
961 2946 1132 3045 rediret,
1170 2976 1255 3032 non
1282 2944 1457 3056 amplius
1491 2938 1620 3028 biduo

320 3056 429 3171 apud
453 3074 544 3143 eam
572 3056 768 3165 fubstitit,
795 3077 908 3148 tanta
945 3062 1145 3175 impudici
1185 3063 1337 3146 amoris
1370 3056 1624 3170 impatientia

319 3174 580 3283 reumaque,
622 3198 667 3259 vt
688 3178 877 3263 inietiam
903 3176 1153 3263 carminibus
1173 3178 1390 3260 amentiam
1412 3174 1518 3259 fama
1533 3169 1624 3255 vul·

269 3310 279 3325 ·
316 3288 499 3403 gaudit,
515 3290 628 3374 Zona
638 3290 772 3377 ludaei
790 3290 1004 3377 cuiusdam
1021 3316 1103 3377 arte
1120 3290 1320 3376 medicata
1336 3286 1525 3373 draconis
1537 3285 1621 3394 spe·

234 3438 242 3447 ·
318 3403 381 3488 cie
399 3404 523 3513 regiis
543 3404 680 3490 oculis
701 3406 870 3492 obieila.
950 3402 1213 3519 Quibusdam
1236 3402 1405 3514 suspicio
1426 3398 1534 3511 luit,
1560 3418 1619 3479 te-

315 3518 485 3601 meraria
499 3518 587 3602 lane
611 3544 651 3605 et
673 3521 913 3635 impuden5‚
937 3520 1094 3636 Regem
1126 3546 1211 3605 non
1235 3520 1317 3601 stne
1339 3513 1449 3619 causa
1466 3536 1487 3593 a
1502 3508 1620 3593 Blan-

318 3656 365 3714 ta
389 3656 514 3713 vxore
533 3657 698 3741 repente
723 3633 965 3722 alienatum:
1010 3637 1241 3743 vitiumque
1266 3629 1328 3713 illi
1357 3653 1383 3711 a
1407 3620 1619 3711 Friderico

212 3754 217 3778 “
315 3741 438 3860 iratre
463 3741 647 3832 illatum:
676 3770 911 3859 natumque
935 3776 983 3833 ex
1009 3776 1061 3839 eo
1087 3744 1342 3831 commercio
1358 3728 1361 3743 ’
1376 3740 1621 3836 Hemicum,

315 3884 441 3969 quem
458 3856 666 3945 Columba
692 3860 836 3948 Iudaea
851 3861 998 3974 Hispali
1023 3860 1183 3945 nutrice
1206 3857 1450 3960 educatum,
1473 3852 1620 3939 ilenri-

314 3996 462 4059 corum
477 3968 631 4060 fartilia
651 3974 899 4067 nobilissima
921 3974 1130 4063 auderem
1146 3974 1309 4089 generis
1332 3974 1541 4067 namura,
1558 3991 1619 4100 te-
1694 4026 1700 4035 ·

733 4124 747 4152 x
1539 4104 1616 4197 gro
