3734 4734
309 246 386 337 426
598 236 719 343 Crass.
735 231 1085 337 Detutest'sassllqininn
1093 258 1335 347 germam-
1452 226 1459 237 '
1493 310 1501 321 ,

434 402 557 495 Anno
571 401 773 495 Moxv'r.
788 404 840 493 de
859 404 1071 493 Vlarlislao
1083 406 1201 521 Rege
1225 396 1445 493 Ludouics
1457 404 1571 518 ptire
1584 423 1626 495 et

319 516 557 609 Perdinandi
574 520 714 607 socero
731 521 861 610 asserit
880 546 1176 611 toacffluvs
1197 544 1431 608 cvnauvs
1445 527 1522 626 (alt
1540 520 1624 625 filio

310 636 379 745 fito
406 632 554 721 notdm
580 633 723 721 decenni
754 634 936 741 constituit
961 660 1126 740 tutata,
1163 638 1349 749 Caesarem
1376 658 1414 719 et
1427 638 1625 752 &gamun-

321 746 403 835 dum
422 748 618 853 fratrem·
683 750 884 863 Intelligit
910 750 1240 836 Maximilianum
1261 750 1291 835 1.
1315 748 1629 859 imperatorem,

277 888 283 899 ·
323 860 531 949 Ludouici
553 864 740 950 socerum
763 887 804 951 et
827 862 1141 981 sigismundum
1164 862 1329 949 fratrem
1345 861 1542 948 Poloniae
1551 863 1628 945 Re·

305 1003 443 1091 -gem,
464 978 533 1063 cui
558 1000 750 1091 tanquan
767 1000 914 1092 patnro
937 976 1166 1095 legitimam
1189 976 1361 1063 ttrtelam
1384 979 1519 1061 Aurea
1532 974 1628 1061 Bul·
1697 1004 1703 1009 ·

181 1152 191 1165 ·
324 1092 363 1183 la
388 1086 620 1191 deferebat,
649 1094 722 1205 qui
747 1116 839 1181 ante
862 1088 1056 1205 adeptum
1080 1094 1272 1205 Regnum
1299 1090 1517 1185 Polonlae,
1539 1092 1629 1174 Du·

322 1227 463 1293 catum
479 1205 713 1321 Glogouiae
731 1229 772 1292 et
795 1208 1009 1319 Oppauiae
1024 1208 1068 1293 in
1084 1207 1219 1291 Silesra
1234 1208 1325 1293 iure
1338 1205 1479 1289 matris
1494 1200 1629 1289 Bohe·

189 1364 192 1389 ι
324 1320 432 1409 miae
456 1320 634 1435 Reginae
650 1316 896 1408 hereditario
919 1316 1103 1424 tenebat,
1139 1344 1274 1432 eoque
1296 1318 1465 1405 nomine
1487 1318 1523 1401 se
1551 1342 1628 1428 pro

322 1457 516 1523 extraneo
537 1456 579 1521 et
595 1434 715 1521 alieni
748 1462 821 1521 ena
848 1460 935 1521 non
966 1436 1044 1521 elle
1075 1430 1312 1521 habendam
1340 1432 1503 1547 magnis
1532 1456 1628 1517 con-
1657 1532 1666 1543 .

325 1544 584 1637 tentionibus
601 1548 721 1635 assere
771 1570 800 1655 t,
815 1568 860 1635 vt
882 1568 923 1634 et
946 1550 1070 1663 ipsrus
1100 1548 1314 1635 reuersales
1331 1546 1470 1633 literae
1486 1542 1627 1631 Bohe·

324 1664 408 1751 mis
423 1662 559 1763 datae,
589 1690 721 1776 quum
742 1664 786 1749 in
798 1682 979 1750 tutorem
996 1684 1038 1749 et
1054 1664 1331 1777 protetiorem
1345 1662 1630 1771 susciperetur,

326 1776 556 1863 ostendunt.
634 1779 790 1865 Neuter
812 1798 948 1863 tamen
970 1778 1102 1891 Regni
1125 1775 1525 1879 Administrationem
1546 1768 1629 1857 adi·

323 1890 410 1989 uit,
427 1888 493 1978 sed
509 1894 711 2005 Regentes
730 1892 1043 1996 constituerunt,
1066 1892 1138 2002 qul
1153 1892 1316 1979 insuam
1330 1891 1468 1977 vicem
1479 1888 1628 1999 Regno

295 2071 299 2079 .
325 2004 544 2119 praeessent
559 2057 574 2103 s
588 2026 629 2091 et
648 2006 737 2091 iura
763 2007 922 2119 populo
959 2002 1194 2113 redderent,
1233 2030 1467 2117 quanquam
1501 2000 1628 2115 Sigis-

325 2116 509 2207 mundus
546 2120 628 2210 iam
662 2120 837 2216 Silesnm
862 2122 906 2207 in
936 2116 1062 2207 fidem
1093 2118 1206 2207 suam
1234 2116 1627 2206 Administratoriam

192 2244 198 2251 '
326 2230 543 2347 adegisset,
578 2256 620 2320 et
656 2258 827 2323 mortuo
861 2234 1147 2323 Maximiliano
1176 2234 1340 2321 Caesare
1372 2234 1547 2346 Legatos
1577 2222 1628 2311 ad
1691 2335 1695 2346 ἱ
1803 2353 1807 2361 Ι

327 2370 585 2437 conuentum
595 2347 863 2437 Elesloralem
879 2374 987 2437 anno
998 2348 1193 2437 MDXIX.
1210 2347 1538 2435 Francofordiam
1552 2338 1631 2432 mi·

325 2461 455 2567 sisset,
476 2462 549 2574 qui
572 2462 645 2548 suo
670 2490 746 2549 ceu
775 2462 951 2577 legitimi
966 2464 1118 2551 tutoris
1138 2464 1309 2550 nomine
1323 2457 1511 2549 elesiioni
1527 2452 1630 2543 noui

325 2576 505 2665 Caesaris
540 2576 784 2662 interessent.
862 2575 942 2663 Sed
963 2578 1058 2687 quia
1088 2576 1221 2692 Regni
1245 2574 1630 2661 administrationem

326 2688 486 2777 realiter
501 2714 586 2773 non
611 2686 837 2801 posidebat
852 2688 990 2775 telesti
1014 2691 1137 2803 legati
1161 2693 1250 2777 eius
1271 2690 1460 2797 suerunt,
1488 2708 1531 2772 et
1554 2686 1630 2801 Ref

327 2820 471 2915 gentes
494 2826 515 2885 a
536 2798 732 2889 defunflo
754 2803 917 2890 Caesare
948 2802 1201 2904 confirmati,
1242 2804 1292 2890 ad
1322 2804 1458 2889 aslum
1480 2798 1629 2889 elesio-

324 2916 435 3003 rium
451 2912 633 3015 admissr,
650 2938 693 3005 vt
715 2916 830 3028 supra
852 2916 1059 3006 diximus?
1103 2918 1181 3006 His
1196 2916 1288 3005 addi
1341 2918 1500 3021 ossunt,
1526 2938 1630 3024 quae

324 3024 450 3118 habet
464 3028 631 3116 illustris
658 3056 865 3122 enarer
886 3028 950 3144 (b)
985 3030 1037 3122 de
1061 3032 1189 3122 tutela
1214 3054 1258 3121 et
1286 2947 1629 3125 adminislmtione

323 3144 443 3260 regni
465 3142 701 3235 Bohemiae.
1629 3182 1635 3193 ·

890 3284 929 3384 §.
989 3278 1061 3367 Ill.

440 3416 489 3501 ln
512 3411 792 3529 potentissima
815 3434 939 3526 gente
962 3416 1169 3505 Austriaca
1190 3420 1272 3507 sola
1298 3420 1384 3507 sere
1416 3438 1627 3508 teotar-

326 3552 401 3614 tta
426 3528 568 3615 locum
581 3528 725 3616 habuit
746 3528 893 3625 nitela,
917 3528 1018 3617 licet
1033 3536 1154 3617 status
1170 3535 1379 3622 interdum
1397 3534 1631 3644 prouincia·

206 3682 216 3689 ·
326 3638 386 3747 les
411 3640 518 3730 circa
545 3636 933 3733 administrationem
964 3648 1277 3757 prouinciarum
1304 3651 1369 3738 ins
1399 3643 1472 3733 nbi
1499 3644 1631 3759 quod-

1457 3848 1460 3855 ,
1536 3756 1630 3847 dam

378 3936 433 4043 (a)
457 3964 638 4017 svatava
658 3948 695 4017 in
716 3917 854 4016 amasis.
875 3938 996 4035 Sisefiae
1016 3936 1180 4033 soli-236
1216 3880 1388 4019 Coantit
1420 3966 1638 4024 unctores.

438 4053 474 4116 in
494 4044 605 4119 Chroa
626 4044 749 4119 Bobem.
769 4070 802 4143 p.
818 4047 856 4117 ss.
880 4066 969 4115 anno
993 4052 1097 4136 1516.
1114 4039 1173 4119 fol.
1187 4054 1272 4134 2¹3·
1526 4081 1530 4089 ’

379 4144 437 4240 (b)
463 4145 571 4221 iader
589 4142 844 4249 Pragmmsrhtn
865 4142 1041 4241 Geschicirt
1059 4142 1121 4216 der
1136 4148 1221 4219 eron
1233 4145 1370 4225 aalma
1389 4170 1423 4245 p.
1434 4156 1517 4240 366.
