3734 4734
33 4130 41 4192 1

474 247 888 357 speciebutvm‘r'sqrueam
901 249 1238 360 constituendintodr‘n
1431 267 1505 353 639
1632 237 1639 246 ὁ

187 425 381 514 deferunt
403 412 645 530 publicam,
666 420 837 508 exclusis
862 423 1169 558 testamentariis
1185 415 1398 514 tutoribus
1405 425 1506 557 ,²re7
1533 532 1537 540 Ι

80 602 85 614 ,
191 563 344 636 motaa
371 532 534 624 tutelari
557 534 760 652 regimine
783 533 926 626 matre.

299 801 514 923 Regulam,
523 832 649 920 quam
671 804 717 890 in
740 807 1007 896 antecedente
1026 805 1296 924 paragrapho
1315 807 1505 915 adstruxi,

188 927 424 1046 proximum
444 949 593 1034 nempe
608 940 800 1036 agnatum
814 917 997 1008 habilem
1012 945 1103 1010 ante
1120 922 1267 1012 saeculi
1278 925 1363 1011 XV.
1377 921 1507 1014 finem

188 1041 238 1131 ab
253 1038 598 1128 administratione
613 1056 654 1122 et
675 1034 878 1146 regimine
904 1036 1216 1146 prouinciarum
1243 1066 1317 1150 per
1341 1061 1503 1128 tutores

187 1151 299 1245 haud
308 1151 516 1240 exclusum
526 1147 985 1254 fuissetestarnentarios,
996 1152 1214 1238 confirmat
1226 1149 1392 1238 historia
1400 1155 1503 1242 Ger·

188 1272 344 1358 maniae
352 1263 562 1380 principis.
579 1267 636 1352 Vt
646 1263 960 1378 verolomniaeo
971 1266 1103 1381 magis
1113 1263 1211 1352 fiant
1227 1267 1412 1368 clariora,
1428 1294 1502 1384 per

189 1383 365 1499 fingulas
383 1379 602 1467 illustrium
617 1377 769 1470 domus
786 1379 913 1469 nostri
931 1379 1150 1470 ¹veritatem
1166 1381 1361 1496 principii
1383 1378 1504 1474 mon·¹

188 1505 309 1588 strare
318 1495 479 1584 animus
493 1497 562 1580 est.
615 1567 620 1576 .
865 1527 874 1545 ¹

193 1775 198 1800 ²
302 1755 364 1844 Vr·
383 1778 483 1854 vero
520 1747 689 1848 ordine,
731 1778 857 1866 quem
891 1750 1023 1863 capite
1061 1743 1313 1841 fontaninius
1343 1745 1505 1867 quinto,

189 1871 488 1990 procedamus,
515 1865 727 1953 ordiamur
745 1895 766 1952 a
785 1865 1062 1980 potentisfima
1077 1869 1386 1958 Austriacorum
1404 1897 1503 1981 gen·

188 2015 243 2080 te.
282 1983 448 2088 Omnia,
473 2003 575 2091 quae
592 1977 758 2066 historia
775 1981 1087 2067 Austriacafistit
1103 1985 1305 2095 exempia,
1318 1980 1502 2096 ,loquun-

188 2131 257 2192 tur
280 2099 449 2187 tutelam
468 2095 695 2210 legitimam
714 2101 789 2210 (y).
846 2098 895 2182 Et
926 2097 1025 2182 licet
1049 2095 1261 2182 interdum
1290 2101 1519 2182 testamern‘
1565 2102 1586 2139 ''
1645 2131 1647 2136 s

190 2220 246 2304 tis
279 2213 438 2300 tutores
462 2211 537 2293 fint
563 2209 725 2320 scripti,
765 2206 1099 2294 vltimae-tamen
1131 2205 1208 2294 hae
1237 2209 1400 2297 tabulae
1429 2209 1501 2295 alii

190 2357 315 2444 quam
340 2348 487 2442 agnato
515 2323 708 2435 proximo
732 2341 943 2434 nunquam
972 2320 1207 2409 detulerunt
1235 2327 1404 2411 tutelam
1427 2331 1501 2432 (z),

190 2455 232 2532 'et
261 2439 359 2526 inde
389 2437 515 2536 tutela
537 2460 610 2549 per
640 2433 874 2540 testamenta
899 2463 986 2524 non
1011 2441 1339 2539 tam'constituta
1376 2466 1501 2552 quarn

188 2557 376 2674 legitima
395 2551 528 2636 solum
554 2549 793 2639 confirmata
817 2555 884 2637 est.
936 2549 1110 2635 Tutelae
1131 2576 1336 2650 maternae
1364 2581 1498 2642 erem-
1547 2548 1555 2557 ”

188 2679 309 2792 plum
337 2669 557 2783 Austriacas
584 2665 818 2776 prouincias
838 2661 1038 2763 habuisse,
1071 2685 1111 2750 et
1131 2665 1376 2772 Claudiam,
1395 2671 1501 2754 Leo·

185 2786 329 2908 poldi,·
355 2777 605 2868 Archi‘ducis
632 2778 798 2865 viduam
825 2779 1113 2866 MDCXXXH.
1140 2777 1324 2866 filiorum
1357 2779 1500 2869 Caroli

189 2928 232 2992 et
260 2891 515 3012 Sigismundi
538 2893 740 2977 'tutricem
768 2893 973 2992 erssitiii'e,
1004 2893 1256 2980 omnes.fere
1288 2889 1501 2980 affirmant

189 3019 263 3107 Ast'
282 3037 428 3099 omnes
455 3005 505 3090 de
531 3027 679 3088 tetam
718 3003 841 3090 ardua
870 3007 960 3090 satis
985 3000 1157 3104 obscure
1179 3001 1430 3118 loquuntur,
1450 3025 1501 3104 et

131 3202 137 3214 ,
189 3117 511 3220 circumstantias
528 3117 700 3204 afferunt
718 3118 802 3205 fere
820 3113 976 3223 nullas,
995 3117 1051 3204 ita
1066 3139 1112 3203 vt
1121 3120 1257 3228 quoad
1274 3144 1500 3207 maternam

187 3243 347 3331 hanece
376 3233 558 3322 tutelam
581 3234 720 3318 omnia
752 3233 1022 3320 fundamento
1055 3231 1282 3320 innitantur
1305 3232 1498 3322 iubrico,
1549 3283 1559 3290 -

187 3359 300 3443 Hinc
313 3353 418 3440 salua
442 3351 513 3432 stat
537 3347 700 3456 regula,
725 3347 766 3432 in
792 3346 1136 3439 domo'Austriaca
1152 3349 1362 3438 existentes
1377 3374 1497 3467 agna·
1599 3418 1607 3430 .

188 3491 260 3559 tos
283 3464 452 3554 atutela
469 3456 581 3548 haud
595 3457 711 3563 fuisse
727 3459 911 3550 exclusos
932 3458 1130 3576 legitima.
1160 3515 1164 3523 ·
1286 3519 1291 3524 ·

741 3619 779 3720 §.
826 3613 949 3700 XXII.

306 3741 356 3830 ln
378 3736 619 3828 serenissima
635 3759 759 3858 gente
771 3737 965 3830 Bauarita
980 3735 1133 3832 tutelae
1143 3691 1350 3860 legitimae
1366 3765 1501 3939 emt,

825 3871 842 3886 “
1107 3883 1111 3886 ’
1433 3881 1462 3966 P

241 4056 303 4150 (y)
331 4047 427 4148 supra
448 4065 516 4142 cap.
526 4045 567 4118 V.

131 4271 135 4278 .
240 4161 295 4255 (a)
321 4149 417 4252 supra
437 4169 507 4249 cap.
518 4039 667 4248 11ςὲ63.
