3734 4734
328 233 331 238 .
396 243 478 346 red.
493 273 538 343 ΙΙ.
563 253 700 340 rimu
713 217 1080 364 mextenum
1092 263 1419 370 iilustrarexemplis.
1490 289 1560 372 342

249 432 553 528 moderabatur.
608 435 824 523 Honorius
851 462 952 523 vero
971 437 1130 524 Romae
1157 435 1306 524 veteris
1332 435 1560 549 Imperator
1689 503 1695 509 -

208 573 212 583 '
247 549 757 656 admodum-adolescens,
783 550 930 638 decem
953 549 1146 638 duntaxat
1161 573 1280 638 natus
1297 576 1450 658 annos,
1467 551 1561 646 telin

178 699 183 706 ·
245 669 376 756 &rura
394 691 519 781 patre,
538 665 589 752 de
604 659 722 751 illius
737 667 932 753 sententia
946 690 1129 754 nitorem
1144 661 1560 766 habuitStiliuonenn
1592 690 1596 698 ·

245 787 381 869 virum
396 788 552 868 Romae
579 780 858 894 principema
883 808 973 894 quo
994 779 1234 893 respublica
1259 778 1560 882 administraba-

246 904 422 1005 tur(o).·
457 895 661 983 Arcadius
686 898 758 981 iste
785 894 933 982 eodem
950 897 1039 981 iure
1056 892 1258 984 utebatur.
1318 897 1429 984 Cum
1443 896 1557 984 enim

245 1012 433 1126 Byzantia
455 1012 574 1107 effet,
593 1011 755 1095 iamiam
773 1009 1004 1097 moriturus
1028 1009 1135 1098 etde
1160 1007 1382 1103 successore
1407 1011 1556 1099 soliiei·

225 1123 610 1225 ‘ms‚·1h'eodotio
641 1125 794 1212 scilicet
816 1122 931 1233 filio,
960 1151 1089 1238 paruo
1123 1123 1349 1212 admodum
1371 1125 1415 1214 in
1439 1128 1559 1218 cunis

134 1281 142 1293 ‘
243 1238 380 1326 aihuc
403 1242 625 1336 existente,
659 1241 871 1351 cogitans,
892 1267 1112 1353 quemnam
1135 1260 1366 1328 curatorem
1380 1243 1558 1330 socium·
1643 1303 1653 1334 1

245 1383 327 1468 que
346 1352 705 1440 administrationis
725 1355 844 1440 sonui
867 1376 909 1442 et
928 1355 1197 1443 institutionis
1213 1357 1423 1468 optimum
1439 1353 1554 1442 adhi-

244 1466 375 1574 beret,
388 1469 460 1579 qui
478 1488 519 1553 et
536 1469 732 1554 inimicos
764 1469 918 1556 virtute
945 1469 1193 1581 expelleret,
1224 1493 1265 1554 et
1289 1497 1376 1554 rem
1401 1473 1553 1580 postre-

121 1651 131 1670 ..
245 1611 319 1668 mo
355 1583 610 1667 incolumem
640 1581 827 1670 traderet
885 1583 1011 1670 Multi
1026 1585 1063 1669 ei
1081 1606 1172 1669 tum
1194 1579 1479 1681 offerebantur,
1487 1581 1554 1668 sed

243 1691 473 1783 secundum
492 1719 795 1799 ruocoatvm
809 1700 901 1809 (p)
957 1701 1138 1812 Tyranni
1163 1699 1319 1811 potina,
1341 1725 1466 1806 quam
1486 1694 1553 1782 ad·

247 1813 537 1900 ministratores
561 1811 717 1898 futuri:
745 1813 944 1925 quoniam
963 1814 1148 1927 Byzantii
1177 1814 1259 1898 iam
1282 1811 1425 1898 nullus
1455 1838 1554 1899 con·

174 1935 183 1948 ‘
245 1927 610 2042 sanguiueueerat:
634 1927 859 2013 Honorius·
872 1949 1009 2014 autem
1026 1929 1087 2016 Im
1120 1950 1272 2025 erator,
1289 1951 1459 2039 patruus
1476 1928 1555 2032 (in-

246 2040 367 2132 fantis
385 2041 562 2147 seilicet)
584 2042 673 2147 satis
693 2041 870 2128 idoneus
899 2070 986 2129 non
1004 1957 1239 2140 videhatum
1256 2039 1371 2156 quod
1393 2069 1457 2127 res
1475 2039 1552 2128 Ita·
1584 2093 1589 2098 -

247 2155 351 2242 lirae
374 2151 556 2240 turbatae
579 2157 659 2240 iam
684 2179 819 2254 erant,
856 2177 898 2242 et
924 2153 1084 2243 bellum
1106 2157 1150 2242 in
1172 2157 1331 2242 oriente
1360 2157 1554 2262 Persarum

178 2279 182 2285 ’
251 2263 526 2354 nihilominus
540 2263 796 2369 formidabat,
806 2291 975 2356 aetatem
993 2272 1109 2384 pueri
1126 2267 1351 2354 admodum
1368 2269 1554 2378 spernen·
1584 2326 1585 2329 t

246 2376 367 2469 titum
422 2380 470 2466 ln
494 2378 573 2467 hat
595 2384 726 2498 animi
735 2386 918 2498 angustia
940 2383 1140 2490 Arcadius
1161 2385 1386 2496 Imperator
1406 2381 1554 2465 consti·
1668 2412 1672 2422 ’

248 2519 388 2592 tutus,
406 2521 635 2609 quanquam
673 2496 768 2582 alias
803 2499 978 2586 minime
1010 2523 1150 2586 natura
1180 2493 1416 2611 ingeniosus
1455 2517 1554 2593 erat,

131 2613 134 2618 ’
173 2671 180 2689 ,
217 2612 409 2699 'salutare
432 2611 649 2697 confi-lium
671 2613 786 2710 iniit,
811 2641 897 2725 quo
913 2612 1063 2715 filium
1090 2615 1302 2734 pariterfflet
1326 2608 1553 2722 Imperium

240 2725 438 2831 seruauit:
484 2725 568 2821 flue
595 2725 646 2812 de
664 2727 891 2842 Procerum
918 2727 1087 2818 suorum
1118 2728 1217 2840 (qui
1234 2727 1271 2814 ei
1293 2723 1551 2841 adsistebant)

240 2839 454 2936 sententia,
479 2841 546 2926 seu
570 2839 720 2929 diuino
743 2840 942 2953 impulsus
978 2844 1118 2956 spiritu
1147 2845 1431 2929 testamentum
1454 2867 1554 2927 con·

244 2953 369 3050 didit,
409 2953 567 3062 inquo
604 2952 821 3040 haeredem
847 2955 1016 3068 quidem
1045 2956 1180 3042 filium
1210 2955 1404 3058 instituit,
1442 2974 1554 3038 tuto·

243 3096 331 3155 rem
364 3093 465 3151 vero
501 3067 613 3153 illius
634 3067 876 3181 isdigertem
899 3071 1108 3156 Persarum
1133 3073 1312 3185 Regem:
1365 3066 1553 3152 cuicum

243 3181 420 3295 plurima
443 3179 673 3283 mandauit,
712 3203 804 3268 tum
829 3205 874 3271 vt
893 3181 1132 3272 Theodosio
1160 3182 1383 3297 imperium
1413 3179 1480 3264 sua
1510 3198 1552 3261 et
1665 3245 1692 3274 ,-

241 3293 502 3412 prouidentia
525 3298 673 3408 pariter
703 3318 747 3383 et
778 3299 963 3408 potentia
983 3297 1195 3386 incolume
1212 3301 1413 3386 iuuaret:
1458 3291 1554 3378 Hoc

187 3406 191 3416 ’
245 3414 383 3536 itaque
409 3407 540 3494 modo
572 3408 695 3496 rebus
719 3412 952 3525 constitutis
974 3439 996 3496 e
1017 3413 1099 3498 vita
1129 3410 1301 3500 decessit
1328 3402 1549 3493 Amathus:

243 3521 472 3636 isdigertus
488 3533 603 3620 vero,
630 3521 702 3608 vbi
725 3526 1011 3612 testamentum
1035 3519 1553 3635 Arcadii'oblatumiegit,

244 3638 477 3749 comptius
498 3636 638 3723 indole
650 3665 702 3724 ac
721 3637 1007 3754 magnitudine
1026 3640 1152 3726 animi
1169 3639 1302 3729 clatus
1318 3633 1551 3739 haberetur,

140 3820 145 3831 .
241 3771 344 3842 tunc
373 3752 548 3842 maxime
569 3750 842 3843 admiratione
832 3753 1007 3954 2{iignus
1032 3757 1231 3871 apparuit.
1254 3749 1418 3844 Arcadii
1438 3775 1550 3836 nam·

304 3909 311 3916 ·
580 3962 590 3974 .
729 3936 734 3946 .
883 3889 962 3986 ¹3
1025 3917 1029 3924 ·
1470 3881 1553 3971 que

176 4055 181 4065 .
296 4057 348 4138 (ο)
368 4007 478 4124 Verba
496 4045 1006 4150 suntzo‘ttarntTomqqq'p·
1026 4067 1123 4142 ως,
1208 4043 1250 4123 Ι.

288 4166 350 4270 (Ρ)
369 4169 424 4285 De
440 4160 659 4257 Bcllrfcrfiw'
680 4157 740 4234 lib.
753 4161 780 4233 1.
805 4163 948 4240 munte
