3734 4734
322 298 398 377 230
781 248 786 270 '
842 284 996 387 oprrr.
1045 264 1112 357 oe‘
1170 310 1178 321 ·

326 449 474 539 britate
494 448 670 561 peralla,
690 471 842 535 nouam
852 444 1027 564 nuptam
1042 446 1262 549 fastidiuit,
1287 446 1510 536 inl’adillae
1526 468 1639 542 amo-

328 592 418 665 rem
441 564 654 662 effusus‚s1
681 568 815 678 regiae
838 568 949 677 stirpi
976 587 1300 677 compararetur,
1317 562 1544 679 ignobilis,
1566 596 1662 679 ne*¹

326 707 409 792 que
436 676 583 763 maiori
609 678 765 764 formae
797 678 1122 793 pulchritudine.
1160 682 1281 765 Tanti
1305 678 1553 793 plerumque
1581 686 1640 769 est

322 796 600 908 praeposterae
621 796 806 877 animum
828 792 991 879 libidini
1022 795 1257 905 mancipari.
1342 790 1482 905 Biduo
1505 819 1638 883 trans·

226 998 234 1012 ,
326 910 416 994 allo
440 890 697 993 Montalbani
726 934 862 993 arcem
885 908 934 992 ad
958 910 1061 1023 Tagi
1077 909 1258 995 fluminis
1278 911 1431 1018 ripam,
1446 902 1515 993 vbi
1537 912 1636 997 ami·

327 1050 417 1126 eam
438 1012 700 1125 anteaJnunc
724 1020 931 1133 pellicem,
949 1024 1189 1133 reliquerat,
1223 1022 1465 1106 continuato
1492 1023 1639 1138 itinere

326 1136 511 1232 festinare
527 1134 713 1247 parabata
740 1165 839 1223 cum
865 1138 1008 1250 regina
1028 1160 1175 1235 mater,
1206 1134 1407 1221 Eleonora
1430 1138 1552 1255 amita
1577 1166 1638 1223 re*

325 1254 392 1367 gis
416 1252 586 1337 consilio
604 1244 806 1350 indicam,
830 1280 929 1337 eum
950 1254 1120 1337 remoris
1142 1246 1302 1337 arbitris
1318 1276 1390 1361 per
1405 1250 1544 1338 omnia
1560 1271 1636 1337 nu·
1678 1257 1681 1263 '

224 1396 228 1406 ¹
325 1368 460 1463 mina,
482 1388 522 1450 et
546 1362 748 1477 quidquid
772 1365 816 1454 in
838 1368 958 1452 terris
975 1364 1160 1451 {anuum
1177 1368 1254 1463 est,
1281 1390 1332 1451 ne
1350 1363 1411 1461 se,
1440 1356 1633 1478 regnum,

322 1478 537 1583 fortunas,
576 1478 759 1563 nominis
801 1480 1137 1566 existimationem
1167 1480 1370 1593 praecepti
1403 1482 1664 1577 temeritate,

320 1592 531 1707 perditum
552 1589 830 1705 eut,profus1s
851 1596 1044 1707 lacrymis
1066 1592 1330 1683 obtestantur.
1351 1604 1373 1681 .’
1387 1586 1505 1699 Quid
1538 1590 1630 1682 orbi

322 1710 563 1820 sermonem,
586 1706 713 1793 Gallis
735 1735 859 1807 arma,
875 1710 1068 1795 iniuriam
1088 1736 1173 1794 non
1192 1707 1349 1805 laturis,
1368 1703 1532 1792 ciuibus
1548 1706 1647 1799 dis,

321 1820 517 1909 fidiorurn
533 1821 742 1907 materiam
766 1822 888 1909 daret.
947 1826 1139 1939 Ignorare
1154 1822 1348 1910 videlicet
1367 1822 1523 1933 integra
1533 1846 1629 1932 pro·

321 1930 461 2023 bitatis
489 1934 593 2019 lama
617 1934 795 2021 humana
809 1938 980 2050 imperia
1004 1942 1197 2035 constare,
1215 1964 1322 2049 quos
1339 1932 1498 2025 destitui
1516 1960 1537 2019 a
1553 1962 1629 2019 nu·

320 2050 461 2149 mine,
483 2048 637 2162 quibus
655 2048 854 2137 infensum
872 2054 1031 2139 caelum
1059 2054 1157 2149 elle,
1182 2050 1302 2135 semel
1326 2049 1450 2133 luerit
1474 2049 1628 2161 persua·

323 2166 411 2249 lum
426 2226 439 2262 ,
457 2164 500 2249 in
523 2192 596 2249 eos
614 2162 809 2251 homines
830 2166 936 2252 mala
960 2169 1099 2253 omnia
1120 2164 1227 2277 quali
1244 2164 1350 2251 fallo
1370 2166 1534 2275 agmine
1551 2164 1629 2247 im·
1685 2198 1690 2205 ·

319 2304 463 2393 petum
502 2272 607 2363 dare.
687 2282 937 2367 Leilisfimae
978 2284 1172 2397 coniugis
1208 2278 1322 2365 ludu
1365 2300 1626 2361 moueretur:
1691 2286 1696 2293 '

319 2398 493 2505 eiusque
529 2417 670 2477 amore
699 2394 861 2480 foedam
892 2393 1109 2481 libidinem
1134 2414 1409 2482 commutaret
1426 2400 1454 2481 :j
1492 2418 1628 2502 neque

270 2555 274 2563 ·
318 2505 476 2619 flagitio
500 2508 544 2589 in
570 2506 740 2590 exitium
756 2533 904 2595 rueret.
958 2509 1021 2593 Ad
1054 2506 1127 2594 bas
1156 2508 1227 2593 ille
1251 2532 1378 2593 voces
1404 2502 1509 2591 nihil
1535 2533 1627 2591 mo·

320 2622 437 2715 ueri,
467 2642 590 2752 negat
613 2638 772 2703 tantum
795 2617 866 2705 srbi
896 2620 938 2705 id
962 2624 1037 2707 elle
1066 2624 1352 2733 propositum,
1388 2650 1489 2705 mox
1519 2618 1626 2706 clam

317 2730 502 2819 addullis
528 2732 723 2819 tumentis
742 2732 918 2849 fugienti
943 2736 1082 2821 fimilis
1098 2734 1277 2823 discedit.
1327 2736 1376 2819 Et
1396 2734 1552 2819 summa
1568 2756 1625 2818 ta-

316 2874 414 2933 men
435 2866 656 2958 proceru'm
681 2851 949 2935 contentione
978 2854 1262 2965 impetratum,
1288 2873 1331 2937 vt
1352 2850 1437 2934 Rex
1470 2848 1519 2934 ad
1547 2876 1622 2933 no·

315 2987 413 3047 uam
442 2984 612 3073 nuptam
643 2962 927 3051 Vallisoletum
958 2964 1129 3064 rediret,
1167 2994 1252 3051 non
1280 2963 1455 3077 amplius
1488 2959 1618 3049 biduo

317 3073 426 3188 apud
451 3092 541 3161 eam
569 3073 765 3183 substitit,
791 3095 906 3167 ,tanta
942 3080 1142 3193 impudici
1182 3083 1335 3167 amotis
1367 3077 1622 3189 impatientia

315 3191 578 3301 vesaniaque,
619 3216 665 3278 vt
685 3195 874 3281 iniedam
900 3195 1150 3282 carminibus
1170 3198 1388 3280 amentiam
1410 3194 1516 3279 lama
1530 3191 1622 3277 vul·

261 3317 277 3341 ’·
313 3306 496 3420 gaudit,
513 3308 770 3395 Zonaludaei
788 3310 1001 3397 cuiusdam
1018 3335 1100 3396 arte
1117 3309 1317 3396 medicata
1334 3306 1523 3393 draconis
1534 3306 1618 3415 spe·

232 3455 239 3465 ·
315 3422 520 3533 cieregiis
540 3423 676 3509 oculis
698 3424 867 3511 obiella.
948 3422 1210 3537 Qibusdam
1233 3422 1402 3533 sulpicio
1424 3418 1531 3533 luit,
1558 3436 1616 3499 te-

312 3536 583 3619 merariairne
607 3561 648 3621 et
670 3539 910 3653 impudens,
933 3538 1092 3654 Regem
1123 3562 1208 3625 non
1232 3539 1314 3619 fine
1336 3532 1447 3619 caub
1463 3558 1484 3614 a
1500 3528 1618 3614 Blan·
1666 3569 1671 3578 ·

314 3674 361 3732 ea
385 3674 511 3731 uxore
530 3674 696 3757 repente
720 3651 961 3738 alienatum:
1006 3654 1238 3760 vitiumque
1264 3648 1325 3731 illi
1355 3672 1380 3756 a
1404 3640 1616 3731 friderico

209 3772 213 3796 ¹
312 3759 435 3872 fratre
460 3759 643 3847 illatum:
672 3784 908 3874 natumque
931 3792 979 3849 ex
1006 3794 1059 3855 eo
1084 3762 1339 3851 commercio
1373 3760 1618 3857 lrenncum,

312 3902 439 3986 quem
455 3872 663 3961 Columba
688 3876 995 3989 Iudaea-Hispali
1020 3879 1181 3963 nutrice
1203 3874 1447 3979 educatum,
1470 3872 1616 3960 Henri·

311 4015 460 4077 corum
474 3984 627 4075 larnilia
647 3988 895 4083 nobilissima
918 3992 1128 4081 mliorem
1143 3993 1307 4107 generis
1330 3994 1538 4087 nonum,
1555 4012 1616 4119 re·
1690 4046 1697 4055 -

730 4140 744 4169 x
822 4151 825 4160 .
1107 4114 1112 4141 ‘
1536 4126 1613 4219 gro
