3734 4734
372 281 451 352 en
700 263 840 372 capra.
864 261 1364 368 nneffloomram
1480 233 1504 333 -s

379 433 531 554 qulbus
545 434 613 524 ius
630 431 870 524 succedendi
886 433 1088 545 competit
1110 437 1127 540 (
1148 441 1179 540 ).
1259 436 1344 522 lam
1367 459 1467 526 vero
1489 431 1534 520 in
1548 429 1683 522 feudis

380 555 448 642 lus
470 549 711 640 succedendi
743 577 830 638 non
858 573 906 636 ex
932 549 1013 634 sola
1040 546 1190 662 pendet
1215 551 1457 662 agnatione,
1482 549 1682 662 sedsaepe

380 697 548 784 quoque
563 669 603 754 vi
620 665 878 756 fimultaneae
896 665 1181 766 inuestirurae,
1204 665 1268 752 vel
1291 691 1339 752 ex
1361 667 1478 778 prelo
1505 663 1684 750 defertur

380 783 724 874 confraternitatis
746 780 812 867 vel
828 781 1082 868 successorio.
1133 779 1243 864 Hine
1260 807 1429 894 quoque
1451 777 1685 866 simultanee

380 899 559 988 inuestiti
585 905 649 1004 (t),
673 921 714 986 et
738 894 810 1008 qui
830 919 877 996 err
900 894 1019 1006 pello
1039 893 1366 1000 suttefforioseu
1382 893 1684 984 corrsraternita·

380 1015 436 1104 tis
459 1011 508 1100 ad
531 1012 825 1102 successionem
851 1009 917 1096 ius
945 1005 1099 1098 habent
1120 1009 1374 1123 quaesitum,
1405 1007 1457 1098 ad
1482 1005 1687 1094 feudalem

380 1125 650 1216 admittuntur
673 1123 845 1214 tutelam
870 1123 1112 1236 legitimam.
1166 1125 1268 1230 11qu
1289 1125 1318 1208 sr
1342 1124 1517 1212 feminea
1538 1124 1581 1210 in
1600 1123 1685 1207 seu·

255 1303 270 1316 -
355 1241 443 1348 ¹dis
464 1244 605 1330 lotum
623 1243 784 1328 inuenit
807 1240 1031 1342 successio,
1067 1260 1313 1352 cognatosa
1340 1237 1466 1326 tutela
1500 1237 1685 1351 legitima

379 1355 658 1444 excludendos
687 1352 913 1454 haudelse,
935 1353 1128 1444 leticum
1153 1353 1309 1444 ratione
1332 1357 1513 1444 statuuat
1526 1373 1685 1440 tantum

383 1499 470 1564 non
500 1497 661 1560 omnes.
1302 1495 1308 1568 j
1471 1551 1476 1558 .

742 1618 746 1624 '
812 1597 815 1607 '
913 1605 953 1708 s
1006 1599 1152 1688 xxm,
1284 1675 1292 1688 .
1413 1673 1438 1690 ,.
1604 1669 1609 1678 .

417 1751 431 1774 ·
498 1725 567 1808 Ast
593 1745 792 1814 mutatam
817 1723 936 1839 plane
958 1751 1099 1810 rerum
1118 1723 1264 1812 faeiem
1288 1723 1397 1812 iuter
1409 1727 1594 1838 priuatos
1619 1720 1684 1808 de·

382 1831 676 1951 prehendimus
707 1841 752 1926 in
784 1839 911 1928 tutela
941 1839 1092 1926 feudali
1119 1862 1160 1927 et
1180 1837 1372 1926 allodiali.
1427 1841 1685 1950 Posteaquam

383 1951 496 2039 enirn
520 1953 563 2038 in
582 1954 822 2042 Germaniae
841 1954 929 2042 sora
953 1957 1042 2042 iura
1064 1977 1325 2066 penetrarunt
1343 1953 1574 2069 peregrina,
1601 1953 1684 2036 rsu-

276 2150 288 2164 ,
380 2061 600 2154 srusluaria
614 2069 963 2168 turela,Romanis
983 2071 1210 2181 incognita,
1225 2070 1508 2169 innumerum
1524 2069 1686 2156 consue·

381 2179 575 2269 tudinum
589 2183 709 2270 relata
726 2181 1299 2291 estirrationabilium,etinde
1315 2184 1453 2270 sensam
1463 2182 1684 2294 senfimque

381 2293 481 2383 abiit
507 2299 551 2382 in
568 2293 900 2406 desuetudinem,
927 2299 1104 2384 maxime
1129 2325 1226 2386 cum
1251 2297 1502 2386 allodiorum
1520 2296 1685 2407 antiqua

381 2433 537 2498 mutata
558 2413 656 2504 esset
686 2435 842 2505 natura.
898 2415 950 2498 Et
969 2437 1017 2498 ex
1034 2407 1119 2499 hoc
1134 2411 1305 2520 demum
1318 2435 1506 2526 ternpore
1524 2434 1686 2499 tutores

381 2546 646 2616 curatoresue
675 2527 724 2612 ad
741 2526 952 2614 srusluum
974 2525 1197 2614 reddendas
1222 2525 1427 2626 rationes,
1450 2525 1499 2612 ad
1551 2527 1684 2612 erieu·

382 2639 471 2724 lum
490 2635 774 2744 subeundum,
800 2663 841 2728 et
864 2639 912 2725 ad
936 2641 1177 2728 restituenda
1198 2642 1354 2756 reliqua
1377 2641 1467 2728 su‘nt
1498 2555 1683 2754 olligari.

382 2751 513 2851 Hinc,
547 2779 651 2866 quae
679 2755 783 2852 olim
814 2752 1031 2840 frustuaria
1057 2777 1166 2859 erat,
1196 2781 1310 2844 nunc
1335 2755 1552 2864 oneriesse
1578 2754 1688 2866 cepit

396 3051 401 3058 ⁸
432 3075 482 3180 (s)
506 3081 669 3150 nudati
687 3071 728 3146 dc
744 3071 855 3146 tutelr'r
873 3066 1050 3146 Etesiarum
1107 3081 1251 3180 inciprnn
1264 3037 1460 3179 ΛΜΨ
1481 3077 1514 3156 S.
1527 3075 1572 3160 R.
1586 3079 1610 3152 1.
1621 3073 1688 3173 sta·

492 3196 584 3248 tuum
598 3196 628 3256 t.
642 3164 689 3246 V:
703 3198 825 3246 notu.
849 3173 1027 3274 iurirpr.se
1044 3183 1049 3192 '
1073 3200 1166 3276 sap.
1178 3181 1230 3250 Vl.
1242 3181 1268 3274 ᾗ.
1283 3179 1354 3253 XV.
1375 3267 1379 3272 ,
1396 3243 1401 3256 .

433 3279 483 3373 (t)
513 3273 635 3349 lllullre
656 3270 721 3346 hue
736 3269 856 3370 speslat
879 3273 1066 3376 exemplum
1077 3277 1194 3351 domus
1207 3280 1374 3355 saxoniae.
1384 3281 1531 3377 Mortuo
1541 3277 1685 3352 iohanne

491 3379 586 3450 Dure
609 3373 886 3448 Saxo-vinariensr
912 3377 1079 3473 proximus
1100 3401 1238 3478 agnatus
1259 3405 1330 3456 erat
1363 3384 1411 3456 lo.
1438 3380 1579 3467 Casrmir
1604 3383 1685 3453 Dux

492 3473 823 3576 Saxo-Coburgieus‚
855 3477 905 3546 rui
922 3501 961 3551 ex
979 3478 1161 3576 agnationis
1182 3483 1252 3552 iure
1275 3483 1379 3556 tutela
1405 3477 1470 3554 suit
1497 3475 1685 3568 deserenda,

390 3651 396 3664 ,
427 3614 432 3659 s
490 3575 708 3676 nihilominus
730 3599 837 3650 tamen
868 3573 1076 3658 Christianus
1092 3584 1145 3652 ll.¹
1166 3579 1306 3656 Eleslot
1321 3585 1501 3670 saxoniae,
1529 3587 1621 3656 tuiua
1642 3605 1686 3654 ex

349 3719 356 3726 ·
430 3676 435 3712 r
494 3668 682 3780 simultanea
699 3675 888 3750 inuellitura
916 3681 966 3751 ius
991 3679 1182 3754 succedendi
1204 3682 1381 3778 proximius
1407 3707 1499 3770 erar,
1528 3705 1691 3787 agnatum

495 3777 684 3878 proximum
700 3802 718 3853 a
735 3783 836 3852 tutela
854 3775 1000 3857 exclusit.
1051 3781 1147 3854 Clare
1169 3779 1232 3856 hot
1254 3785 1349 3858 docet
1374 3791 1556 3856 mutiat*
1570 3785 1684 3856 Annak
1771 3793 1774 3796 ⁴

492 3881 569 3954 Sax.
589 3877 629 3952 ad
653 3882 695 3952 Α.
720 3889 825 3966 1605.
846 3878 930 3950 adde
952 3902 1022 3977 cap.
1033 3883 1073 3952 V.
1092 3881 1118 3976 §.
1132 3905 1188 3974 39.
1238 3885 1326 3958 Hine
1339 3889 1372 3956 in
1392 3885 1509 3960 litteris
1528 3885 1686 3959 Elesloris

494 3981 576 4055 datie
594 3981 635 4054 ad
654 3987 860 4089 minoteuues
886 3983 1066 4079 principes,
1092 4004 1124 4054 et
1145 3985 1179 4054 in
1202 3987 1372 4071 oratione,
1394 4008 1461 4082 qua
1492 3983 1685 4060 Elesloralet
1718 4034 1728 4051 ι

492 4085 588 4180 legati
606 4085 706 4156 tutela
722 4082 921 4156 renuntiant,
938 4081 1063 4180 semper
1079 4083 1216 4176 dicitur,
1237 4087 1290 4162 td·
1305 4085 1488 4164 lilerium
1511 4114 1582 4163 tam
1603 4115 1684 4189 per·

345 4263 355 4274 ,
493 4181 632 4274 uenisse,
652 4187 699 4256 als
717 4181 858 4278 naclsten
871 4180 1108 4263 alsitbclebnten.
1319 4207 1324 4214 ’
