3734 4734
330 353 334 358 -
396 296 478 372 Seu.
491 298 536 371 II.
567 295 680 369 Tutela
696 251 861 389 illistriuin
875 314 1058 370 exterormn
1073 293 1232 389 illustrata
1252 293 1409 398 exemplis.
1486 308 1553 387 389

117 552 121 560 r
247 468 416 563 attinet,
455 463 511 549 ita
544 457 791 555 moderabor
818 463 995 547 orationi
1020 487 1157 574 meae,
1193 484 1239 548 vt
1264 484 1392 568 ¹nemo
1413 459 1464 546 de
1487 487 1554 549 me
1658 528 1662 538 »
1758 459 1761 469 “

244 584 362 696 queri
381 575 755 691 possit,‚nis1suum
779 576 893 687 ptius
918 577 1120 690 flagitium
1137 575 1338 664 fateatur:¹
1369 571 1555 664 libertate
1612 672 1615 682 ,

244 725 344 794 reto
365 721 387 778 a
410 686 639 778 maioribus
651 714 850 803 accepta,
879 691 934 778 ita
953 689 1132 777 modeste
1147 713 1256 788 vtar,
1277 713 1327 776 -vt
1342 719 1418 777 nec
1442 692 1557 804 cupi·
1695 715 1698 722 ’

246 812 553 922 ἀενᾳυεηᾳυειιι]
569 802 740 891 daedere
755 805 948 900 voluiffe,
969 831 1046 891 nec
1067 800 1372 915 pet'timorem,
1392 827 1461 891 aut
1476 833 1557 890 am·

245 923 469 1018 bidonem,
512 939 625 1030 quae·
644 916 692 1003 ad
718 920 974 1031 praesentem
1012 918 1169 1006 faciunt
1201 919 1561 1017 consultationem,

85 1133 93 1142 ,
243 1034 487 1153 praeteriisse
508 1031 656 1122 videar.
735 1036 852 1118 Duas
883 1033 1058 1149 omnino
1086 1035 1298 1141 sententias
1325 1035 1401 1121 esse
1421 1034 1561 1133 video,

82 1171 89 1178 ’
231 1157 351 1264 ”qnae
374 1143 646 1236 concordiam
670 1150 848 1231 nostram
870 1167 1143 1254 remorentur.
1167 1189 1171 1196 Α
1198 1146 1337 1256 Altera
1355 1150 1500 1250 censet,
1514 1149 1559 1235 in

245 1293 310 1365 re,
330 1287 435 1375 quae
456 1257 506 1344 ad
530 1260 721 1348 omnium
744 1259 964 1346 utilitatem
989 1261 1177 1370 pertinet,
1198 1289 1246 1350 ex
1263 1263 1459 1348 omnibus
1478 1264 1559 1349 ele·

246 1382 430 1467 &ionem
451 1368 539 1460 fieri
563 1372 723 1471 debere,
735 1396 800 1472 et,
816 1371 1164 1486 quemadmodum
1178 1403 1343 1473 omnes,
1367 1373 1415 1462 ad
1429 1377 1558 1464 feren·
1583 1443 1585 1446 -

221 1489 515 1603 ‚dasuffragia
534 1485 585 1577 de
599 1516 665 1588 re,
691 1514 797 1599 quae
814 1489 948 1574 totius
972 1489 1088 1599 regni
1118 1489 1290 1576 salutem
1320 1490 1559 1601 completii·

247 1631 345 1701 tur,
373 1607 560 1701 coimus,
595 1604 650 1719 ita
687 1603 896 1696 neminem
924 1630 947 1686 a
976 1600 1042 1713 spe
1058 1599 1245 1688 'honoris
1274 1629 1451 1716 aequum
1483 1606 1560 1691 effe

248 1716 428 1817 excludi,
456 1717 559 1829 quin
574 1719 756 1813 virtute,
786 1739 827 1802 ct
856 1715 1036 1802 honestis
1064 1715 1219 1803 artibus
1243 1744 1295 1804 eo
1323 1715 1558 1808 contendat.

253 1831 406 1934 Altera,
423 1858 468 1918 re
497 1833 587 1918 inae
606 1830 841 1916 clarisfirnae
856 1830 1055 1943 principi,
1080 1853 1122 1917 et
1138 1830 1373 1920 lectissimae
1387 1830 1561 1923 feminae

249 1949 450 2038 iniuriam
464 1862 556 2047 deri
574 1966 718 2058 putat,
745 1945 818 2030 nist
836 1944 883 2038 in,
906 1941 981 2029 filii
1011 1941 1136 2031 salute¹
1157 1945 1334 2044 tuenda,
1363 1968 1406 2031 et
1428 1973 1471 2030 re
1502 1973 1558 2060 no

246 2056 758 2174 adninisttand0,caeteris
775 2054 973 2144 omnibus
991 2058 1249 2171 praeferatur.
1306 2063 1461 2145 Harum
1471 1975 1556 2146 {en-

248 2176 470 2266 tentiarum
497 2200 571 2258 cut
584 2175 783 2284 priorem
808 2172 941 2284 magis
959 2169 1154 2284 probem,
1187 2172 1319 2258 dicam
1344 2175 1557 2284 posteriue.
1664 2172 1666 2181 '

251 2290 446 2376 Aliorum
463 2308 599 2372 tamen
620 2286 837 2381 confilium
859 2284 1054 2372 haetenus
1079 2282 1236 2398 probo,
1268 2285 1383 2399 quod
1415 2313 1561 2399 parurn
1638 2359 1641 2364 .

251 2432 277 2491 e
297 2401 493 2516 dignitate
512 2400 675 2514 reginae
696 2423 864 2512 putant,
883 2423 927 2486 vt
943 2401 1163 2511 quisquam
1184 2399 1289 2486 alius
1316 2427 1413 2485 cum
1441 2427 1489 2516 ea
1517 2401 1561 2485 in

251 2515 563 2607 contentionem
585 2512 637 2600 de
667 2511 830 2602 honore
852 2516 1009 2614 veniat,
1032 2541 1085 2604 ne
1101 2515 1318 2601 auctoritas
1334 2509 1444 2614 eius,
1457 2540 1562 2623 quae

250 2651 296 2717 'vt
318 2633 387 2729 est,
410 2631 465 2714 ita
486 2626 684 2717 omnibus
699 2629 846 2717 eairnia
861 2625 1003 2714 haberi
1030 2624 1164 2726 debet,
1182 2653 1278 2715 curn
1295 2628 1560 2714 inferioribus

252 2743 400 2834 collata
416 2743 610 2846 imminui
624 2741 823 2858 uideatur.
877 2741 1055 2854 Qrodfi
1081 2741 1133 2828 de
1165 2740 1328 2838 honore
1351 2745 1496 2842 vuius,
1521 2763 1562 2829 et
1590 2807 1593 2811 -
1641 2845 1651 2852 ,

154 2895 162 2904 ·
251 2852 337 2947 non
361 2857 417 2958 de
436 2860 629 2944 omnium
644 2855 859 2982 salutehic
883 2861 979 2948 effer
1002 2856 1264 2968 disceptati0,
1291 2883 1372 2966 ego
1392 2883 1562 2968 quoque

185 2983 191 2989 '
221 2972 375 3060 tarde
402 2999 447 3059 ac
469 2967 620 3058 lubens
643 2971 694 3056 ad
717 2970 1160 3082 deorumsententiam
1193 2968 1450 3056 accederem:
1493 2996 1562 3054 ve-

251 3113 347 3174 tum
368 3111 465 3172 cum
490 3082 541 3168 de
556 3112 610 3170 eo
625 3085 883 3172 statuendum
903 3087 952 3170 fit
971 3079 1126 3180 hodie,
1143 3082 1257 3196 quod
1273 3083 1563 3194 omniumpri·

252 3225 447 3289 natorum
470 3199 594 3286 vitam
613 3222 653 3285 et
669 3197 870 3300 fortunas,
886 3198 1004 3311 quod
1039 3199 1170 3286 totius
1196 3199 1314 3311 regni
1335 3197 1561 3299 incolumi

252 3339 377 3404 tatem
394 3311 684 3426 comploditut
700 3373 713 3411 ,
731 3307 834 3400 huic
857 3317 927 3402 vni
950 3313 1196 3427 cogitationi
1214 3338 1360 3396 omnes
1385 3309 1564 3424 fingulo·

252 3458 347 3516 rum
372 3430 550 3515 rationes
566 3424 793 3516 concedere
810 3448 987 3540 oportet
1004 3431 1008 3442 '
1036 3429 1184 3538 ¹(Quare
1207 3451 1280 3513 eos
1301 3427 1424 3510 etiam
1443 3446 1564 3536 atque

254 3545 377 3629 etiam
391 3570 566 3648 moneo,
584 3565 641 3654 vr
652 3541 708 3628 ita
727 3541 892 3654 reginae
915 3538 1099 3630 studeant
1114 3540 1319 3654 dignitati,
1337 3564 1397 3627 ne·
1407 3539 1566 3652 legum,

254 3680 309 3741 ne
333 3641 517 3744 retenhn
537 3656 848 3754 institutorum,
873 3680 925 3743 ne
946 3653 1086 3747 salutis
1102 3657 1294 3746 omniurn
1316 3654 1468 3740 interea
1491 3650 1567 3738 ob·

256 3767 515 3855 liuiscantut:
555 3795 651 3856 nam
667 3771 695 3859 st
714 3769 925 3859 ostendere
941 3793 1159 3886 poterunta
1190 3792 1232 3856 et
1246 3767 1409 3882 legibus
1426 3767 1567 3864 licere,

253 3905 299 3972 et
321 3876 490 3996 publice
511 3884 720 3991 expedire,
737 3908 782 3970 vt
799 3884 910 3999 regis
932 3886 1079 3991 tutela,
1101 3909 1142 3971 et
1156 3911 1294 3972 rerum
1321 3880 1568 3965 administra-

213 4067 216 4073 .
252 3998 316 4090 tio
330 4019 458 4112 penes
481 3996 668 4118 reginam
690 4000 761 4101 stt,
780 4011 1050 4200 mecquoque
1071 3996 1401 4090 suae-sententiae
1425 3993 1570 4195 astipu-

317 4129 321 4146 '
455 4147 460 4152 ·
662 4151 666 4155 ·
898 4132 1021 4230 cc3
1100 4193 1106 4202 ,
1433 4156 1437 4166 .
1527 4129 1567 4191 a
1673 4169 1677 4178 .
