3734 4734
165 264 203 295 ”
299 258 372 357 Ιςό
484 201 491 221 ¹
618 264 736 365 Capi.
763 266 811 338 Dr
826 267 940 368 patria
956 261 1121 363 illustrium
1134 262 1281 369 potestate
1401 248 1450 273 ³

268 428 274 438 ’
300 457 436 529 catus,
453 446 502 516 ut
522 432 741 544 negotium
752 432 886 520 hocce
901 435 945 517 in
959 434 1141 522 nominis
1157 434 1214 519 sui
1228 434 1404 548 gloriam
1418 452 1459 521 et
1477 438 1608 527 Russr-

159 551 163 560 ’
299 552 338 636 ci
353 548 514 659 imperii
533 547 699 632 salutem
714 544 930 663 dirigeret,
947 578 1045 635 curn
1063 550 1173 649 cleto
1186 573 1228 635 et
1242 550 1454 637 ludicibus
1472 555 1610 639 Eccle-

300 664 485 761 siasticis,
503 658 653 747 habitis
677 662 795 775 prius
811 666 855 749 in
878 664 1056 777 Templo
1084 664 1258 775 Spiritus
1282 670 1320 750 S.
1343 666 1497 766 sactis,
1538 666 1613 754 ubi

295 786 437 867 Deum
446 778 489 861 in
499 774 921 875 auxillumvocabant,
930 778 1112 865 senatum
1122 779 1202 864 fuit
1219 780 1433 894 ingressus.
1456 813 1459 825 ·
1487 784 1611 869 Tunc

300 892 515 1004 occupatis
538 888 762 991 sedilibus,
796 870 956 1005 pdrtis,
985 892 1250 1005 fenestrisque
1273 896 1445 1006 apertis,
1460 918 1509 981 ut
1523 922 1635 983 om·.

195 998 203 1027 ”
250 1099 256 1107 ,
300 1037 395 1106 nes,
417 1006 489 1117 qui
505 1004 701 1103 adessent,
722 1005 1054 1106 admitterentur,
1082 1010 1374 1094 Czarowitzius
1391 1008 1463 1093 sub
1481 1007 1635 1097 custbv
1680 1112 1685 1121 ,

247 1179 256 1194 ι
299 1122 366 1209 dia
382 1143 560 1233 quatuor
576 1112 819 1210 officialium
841 1119 1167 1208 subalternorum
1193 1150 1239 1209 ex
1264 1124 1461 1210 fortalitio
1487 1123 1613 1209 addu-
1742 1210 1751 1241 Ι

237 1333 242 1344 ,
301 1236 493 1333 rebatur,
516 1256 562 1323 et
600 1234 762 1322 iudicio
804 1236 1040 1335 srstebatur,
1070 1234 1142 1322 ubi
1167 1238 1613 1349 repetitadelittorum

277 1355 467 1439 ‘suorum
482 1348 757 1449 confessione,
785 1352 979 1438 sententia
994 1378 1015 1433 a
1031 1348 1240 1437 iudicibus
1260 1351 1506 1439 secularibus
1532 1354 1624 1439 lata·

224 1529 229 1540 -
300 1468 370 1581 ipsi
395 1458 711 1577 publicabatur,
742 1466 839 1551 inde
868 1468 912 1548 in
932 1460 1165 1551 'custodiam
1194 1464 1347 1552 iteriim
1372 1464 1610 1551 ducebatur.

298 1583 488 1669 Proxima
503 1580 826 1694 VILIuliimane
842 1578 1096 1669 Monarthae
1108 1580 1385 1678 nuntiabatur,
1406 1580 1612 1669 Czarowi·

297 1699 430 1786 tzium
447 1720 495 1781 ex
521 1720 668 1809 magna
691 1696 814 1779 animi
837 1697 1126 1779 commotione
1149 1695 1358 1805 apoplexia
1378 1692 1493 1778 fuisse
1519 1692 1612 1779 affe·

275 1815 442 1923 dum:
483 1808 606 1896 Cirta
622 1808 837 1897 meridiem
852 1810 1005 1895 iterurn
1030 1810 1102 1921 ipsr
1121 1810 1380 1893 nuntiabatur
1395 1810 1481 1895 rim
1496 1832 1611 1893 mor-

299 1924 343 2013 bi
378 1926 544 2034 augeri,
576 1942 678 2011 tunc
704 1950 909 2037 proceres,
933 1922 1047 2007 aulae
1070 1925 1297 2017 conuocari
1323 1916 1510 2021 iubebat,
1534 1920 1608 2031 qui
1699 1930 1702 1937 ‘

188 2040 197 2049 ”
298 2038 497 2149 tantisper
522 2042 764 2155 congregati
787 2040 1034 2135 manebant,
1057 2035 1312 2147 usquedum
1334 2038 1479 2123 tertius
1503 2060 1608 2119 nun-

297 2158 382 2244 tius
399 2152 634 2250 adueniret,
649 2156 967 2241 Czarowitzium
979 2173 1160 2241 mortem
1176 2147 1276 2235 haut
1291 2152 1368 2235 effe
1382 2149 1607 2251 euasurum,

295 2293 418 2381 atque
439 2294 586 2381 magna
611 2268 885 2354 sollicitudine
914 2266 1178 2377 colloquium
1211 2286 1350 2375 petere
1380 2292 1475 2349 curn
1505 2264 1605 2347 sere·

205 2437 209 2455 =
296 2385 654 2495 nisfimopatcnte.
706 2384 931 2495 Hicigitur
948 2375 1608 2467 cumAulaeProceribusPrinci-

294 2528 390 2698 pem
405 2500 448 2579 in
466 2494 797 2611 agoneianrdum
825 2497 1095 2581 constitutum
1117 2490 1270 2590 adibat,
1302 2488 1456 2603 ip'stque
1479 2492 1607 2575 mani-

325 2642 375 2698 us
391 2608 802 2722 complicatismultis
823 2638 921 2697 cum
937 2608 1130 2721 lacrymis
1149 2606 1285 2691 denuo
1308 2602 1606 2705 confitebatur,
1696 2680 1706 2691 .

295 2730 333 2812 se
348 2725 526 2838 grauiter
545 2709 841 2811 contra'Deum
856 2747 1095 2837 patremque
1109 2720 1285 2833 peccasse
1295 2732 1315 2824 ,³
1339 2718 1444 2805 vitae
1461 2720 1607 2804 essein-

296 2840 470 2952 dignum
485 2834 670 2926 submisse
685 2866 857 2952 rogans,
881 2864 929 2925 ut
944 2836 1017 2924 fibi
1047 2838 1145 2923 velit
1178 2832 1606 2919 condonare'maledi-

300 2956 480 3040 &ionem
495 2953 738 3038 Moscouiae
756 2956 826 3064 ipfi
854 2954 1085 3065 imposrtam
1101 2948 1290 3045 aufferre,
1323 2958 1528 3061 paternam
1539 2944 1609 3037 be-

249 3111 254 3122 ·
299 3067 576 3155 nedislionem
593 3068 791 3179 impertiri
809 3092 932 3179 atque
949 3070 1122 3155 animam
1138 3065 1247 3147 suam
1263 3066 1357 3147 Deo
1371 3062 1471 3147 velit
1492 3090 1609 3149 com·

297 3182 493 3271 ruendari.
553 3184 668 3265 Pater
685 3186 773 3292 post
819 3209 935 3266 raues
946 3178 1275 3285 admonitiones,
1303 3204 1399 3263 tum
1415 3178 1611 3287 lacrymis

214 3315 218 3325 '
294 3296 459 3395 multis,
485 3294 555 3403 ipsi
579 3316 785 3406 paternam
833 3293 1132 3381 enarrationem
1150 3286 1420 3378 concedebat:
1440 3292 1606 3399 Vesperi

295 3414 367 3610 ipsi
383 3407 666 3506 nuntiabatur,
692 3409 925 3521 Principem
940 3406 1203 3493 adhucsemel
1213 3406 1338 3519 patris
1354 3425 1490 3534 petere
1505 3428 1605 3487 con·

312 3558 338 3639 P

340 3526 499 3623 etlumt
516 3520 811 3620 consentiebat,
840 3550 959 3636 aegre
976 3523 1073 3609 licet
1090 3544 1224 3635 pater,
1251 3518 1324 3629 qui
1349 3518 1512 3602 iamiam
1533 3542 1612 3601 na--
1719 3616 1723 3621 Ι
1756 3634 1758 3642 ⁴

222 3669 226 3676 ’
295 3668 392 3727 uem
408 3630 1472 3832 fuiffetingrersusnuntiumaccipiebat,Principem
1486 3626 1604 3717 fuisse

204 3818 207 3821 ψ
295 3753 551 3861 defundunt.
590 3750 660 3838 D.
676 3750 742 3833 IX.
757 3751 856 3837 Iulii
881 3776 1034 3861 corpus

295 3889 389 3958 cato
409 3860 644 3951 holoserico
665 3866 787 3974 nigro
809 3858 1006 3964 abduth,
1036 3884 1159 3973 atque
1180 3884 1317 3972 panno
1343 3884 1467 3945 aureo
1488 3856 1604 3947 obte-

297 3984 367 4069 dio
391 3974 465 4063 sub
487 3973 884 4088 dirodionegmagni
909 3977 1136 4063 cancellarii
1165 3994 1286 4085 atque
1310 3972 1470 4083 aliquot
1493 3973 1606 4062 aulae

295 4118 519 4212 procerum
540 4086 831 4201 imponebatur
844 4114 891 4176 er
906 4086 1108 4179 fortalitio
1132 4090 1180 4185 in
1196 4088 1403 4201 templum
1427 4088 1604 4221 Trinita·
1690 4169 1694 4178 ,
1729 4155 1739 4169 ,

954 4268 958 4277 ·
1394 4263 1398 4275 ·
1485 4266 1489 4273 -
1548 4224 1604 4295 us

1079 3747 1231 3835 efunsti
1253 3736 1511 3832 Czarowitzii
1542 3724 1604 3829 lo'
