3734 4734
355 291 403 392 5⁶
694 223 1326 378 cxpxne'patrumpmxpoqrm

358 443 564 566 quaelibet
586 439 853 556 expediendae
869 441 1004 529 salutis
1025 440 1193 532 honesta
1205 443 1504 537 remediareda
1517 445 1664 566 probat

291 650 294 665 ,
317 562 322 570 ’
360 566 486 664 ratio,
516 557 646 646 modo
668 585 745 644 nec
778 555 960 654 duriora,
979 583 1055 644 nec
1084 558 1242 647 leniora
1263 561 1329 646 sed
1352 559 1661 680 proportionata

289 669 292 680 ’
356 683 433 766 srnt
453 671 654 791 periculo.
711 671 819 757 Hinc
849 671 975 756 dulia
997 672 1104 773 vitae
1120 673 1492 791 membrorumque
1504 682 1662 769 seruan-
1704 752 1716 780 ,

353 797 507 882 dorum
525 815 612 875 non
635 785 691 872 est
708 786 836 882 ratio,
852 783 902 869 id
923 783 1089 873 caedem
1106 815 1275 901 quoque
1300 788 1542 908 adgredieris
1564 823 1660 908 pro·

327 977 331 986 .
354 905 471 1026 gredi
490 903 637 1000 litere,
659 895 918 1014 profitentur,
947 901 1020 1013 qui
1037 901 1124 986 iura
1140 900 1296 1013 docent
1308 926 1481 993 'naturae
1497 931 1660 997 rantum

351 1037 439 1112 non
461 1043 621 1108 omnes.
675 1009 825 1100 Eadem
850 1035 891 1100 et
913 1015 1018 1125 patri
1038 1013 1088 1099 ad
1108 1013 1158 1101 de
1187 1016 1419 1117 edendum,
1444 1019 1558 1133 quod
1578 1025 1656 1108 im-

348 1138 482 1226 minet
503 1129 1015 1248 periculum,'competunt
1030 1043 1233 1230 remedi,
1251 1159 1328 1218 nec
1345 1129 1466 1220 debet
1479 1135 1569 1221 aliis
1593 1139 1651 1224 vti

199 1285 205 1300 ⁸
319 1253 393 1358 „in
415 1250 552 1346 filium
568 1237 995 1356 tanquam'imperans.
1051 1245 1156 1330 Nam
1177 1244 1276 1332 licet
1303 1248 1399 1331 iura‘
1420 1249 1562 1336 diuina
1593 1278 1656 1338 ae·

346 1393 429 1480 que
456 1389 501 1450 ac
523 1357 701 1445 humana
723 1357 1002 1472 grauissimam
1023 1360 1173 1448 mortis
1196 1387 1371 1494 poenam
1389 1361 1441 1446 iis
1462 1363 1654 1452 miniten-

346 1503 438 1580 tur,
465 1473 598 1588 quiin
613 1473 720 1559 vitae
738 1465 1106 1670 membrorumrppe
1125 1471 1361 1585 periculum
1378 1475 1654 1568 sacratumin'r·
1684 1541 1688 1544 -

292 1601 294 1606 ’
344 1591 523 1714 perantis
541 1585 752 1700 personam
771 1581 1002 1682 deducunt,
1025 1612 1046 1692 a
1089 1585 1305 1697 utriusque
1326 1609 1461 1674 tamen
1478 1591 1582 1676 iuris
1597 1594 1650 1679 ri-

346 1733 451 1824 gore
470 1727 581 1820 pater
604 1701 787 1786 summus
812 1700 928 1784 fimul
957 1701 1016 1782 im
1070 1726 1161 1785 rans
1191 1699 1380 1786 recedere
1408 1700 1647 1803 tenetur,·s1

343 1818 491 1908 exinde
514 1843 591 1904 nec
613 1815 778 1928 propria
802 1839 877 1899 nec
903 1814 1019 1924 reipu
1050 1811 1151 1898 licae
1173 1814 1289 1900 Salus
1306 1814 1560 1928 periclitatur
1578 1817 1648 1934 (ᾗ

343 1935 527 2047 Luni).
558 1931 707 2016 iamsi
727 1925 1096 2040 mitiora-periculo
1111 1927 1334 2016 auertendo
1358 1926 1560 2026 sufficiant
1587 1961 1648 2021 re-

341 2049 492 2160 media,
501 2044 666 2134 nulium
686 2049 761 2128 nec
776 2037 1226 2153 imperantis'perionae
1248 2068 1325 2130 nec
1346 2042 1648 2158 reipublicae,ss
1684 2075 1688 2084 ’

246 2211 250 2222 ,
336 2158 778 2264 'adhibeantursoritur
798 2154 1046 2269 periculum.
1099 2154 1516 2268 Hincadurioribup
1532 2157 1648 2250 absti·

337 2307 436 2366 nere
459 2275 686 2362 ermiriora
705 2266 937 2386 arripiendo
959 2268 1121 2384 legis-ri
1153 2297 1271 2358 orem
1293 2262 1647 2389 dispensandomi·

337 2391 660 2510 rigare,teneti1r
679 2407 793 2498 pater
817 2387 1001 2472 summus
1024 2300 1150 2469 ἧιηυῗ
1165 2388 1370 2499 imperans
1395 2384 1460 2472 vel
1482 2389 1647 2502 imperii

248 2595 252 2603 Δ
336 2511 541 2624 princeps.
594 2501 701 2584 Astu
720 2499 885 2584 mitiora
906 2494 1148 2607 depellendo
1166 2524 1251 2582 non
1268 2489 1468 2584 sufficiant
1484 2506 1644 2614 pericu·

338 2625 398 2721 lo,
418 2617 467 2704 ad
488 2615 677 2710 duriora,
695 2609 783 2700 imo
805 2612 833 2695 sr
860 2635 883 2692 a
906 2607 1135 2720 deprauatis
1161 2607 1238 2694 filii
1260 2607 1450 2699 moribus
1473 2617 1647 2742 eiusque

335 2729 556 2849 pertin-acia
583 2745 745 2814 nouum
760 2725 927 2836 semper¹
944 2719 1216 2811 metuendum
1235 2725 1286 2837 'srt
1306 2722 1570 2838 periculum,
1592 2730 1643 2824 ad

335 2843 502 2950 caedem
516 2841 592 2931 filii
612 2837 853 2956 confugere,
866 2839 921 2926 src
949 2835 1054 2950 patri
1068 2825 1168 2944 licet
1184 2840 1415 2955 imperanti.

443 3193 565 3286 Varia
594 3191 923 3286 inhistoriarum
939 3189 1224 3282 monumentis
1239 3188 1492 3308 degenerum
1507 3219 1640 3302 exem·

330 3309 397 3426 pla
415 3303 604 3398 filiorum
624 3335 1145 3424 occununt,quon1m.eo
1170 3311 1365 3420 processit
1389 3308 1568 3410 audacie,
1591 3331 1638 3418 π

177 3490 183 3498 .
360 3427 454 3512 atris
483 3453 653 3540 quoque
677 3429 782 3515 vitae
798 3431 994 3516 struerent
1015 3421 1189 3522 insidias,
1200 3437 1372 3533 eamque
1387 3419 1444 3507 ob
1466 3448 1554 3508 rem
1564 3419 1636 3511 de·

324 3455 434 3628 ditas
473 3538 632 3629 luerent
661 3569 828 3656 poenas.
886 3543 944 3626 Ex
978 3536 1203 3650 antiquiori
1239 3521 1405 3630 historia
1445 3535 1635 3648 exemplo

328 3657 384 3742 est
403 3657 667 3756 Artaxerxes,
697 3658 770 3769 qui
793 3655 967 3762 Darium
989 3647 1164 3759 Ochum
1185 3649 1322 3738 filium
1346 3645 1424 3736 fibi
1452 3649 1639 3738 insidian-

328 3791 413 3856 tem
451 3769 586 3857 strino
622 3770 787 3858 acinace
820 3767 1044 3880 percusfit,
1077 3791 1216 3877 quous
1245 3791 1299 3852 ue
1336 3764 1539 3877 expirauit
1557 3771 1634 3874 (n).

327 3881 487 3976 Eodem
502 3879 632 3974 modo
651 3881 838 3975 Herodes
856 3879 1102 3994 ludaeorum
1116 3881 1202 3968 Rex
1218 3795 1354 3966 dilium
1361 3878 1637 4016 Alexandrum

981 4073 985 4076 ,
1490 4039 1497 4048 ·
1566 4019 1635 4082 ve

374 4179 434 4282 (n)
460 4179 789 4261 rvsrruvslib.X.
811 4180 893 4268 nli.
919 4188 1191 4265 narrandum
1206 4145 1497 4275 Anixerxcpxe..
