3734 4734
1387 225 1393 233 ,
1573 182 1580 229 l

303 235 377 311 223
592 305 633 324 ,Ι
719 312 726 321 ¹
825 224 972 325 Capsss.
1021 227 1072 297 Dr
1501 242 1509 251 '

307 377 424 477 luiffe
443 384 614 489 didam,
630 390 730 502 quia
741 389 895 501 primae
910 392 1049 475 vxoris
1064 390 1213 505 Regiae
1227 390 1352 484 fuerit
1373 410 1618 523 consangui-

306 532 407 603 nea,
432 503 612 615 ideoque
638 530 708 615 pet
731 504 982 615 Gregoiinm
998 506 1090 591 Vll.
1117 508 1366 599 Pontificem
1387 519 1438 604 ab
1459 523 1533 610 illo
1559 528 1613 609 s-
1648 534 1654 549 “
1687 542 1689 547 ’

306 639 439 731 parata
463 632 478 722 (
490 617 546 723 s).
602 618 751 703 Filium
766 644 866 701 vero
881 617 977 705 ideo
995 646 1082 707 non
1098 618 1136 703 di
1146 622 1182 707 ci
1199 628 1310 735 posse
1334 630 1616 749 illegitimum,

306 733 405 843 quia
427 733 740 817 matrimonium
759 728 868 817 bona
890 728 971 817 fide
997 732 1120 818 fuerit
1146 742 1423 847 contradum,
1449 776 1491 839 et
1519 772 1617 843 con-

303 849 423 959 iuges
448 845 568 958 Regii
593 846 757 931 nullum
789 840 981 931 sciuerint
1009 848 1380 959 impedimentum:
1433 861 1619 955 Affinita.

303 980 391 1044 tem
413 960 523 1045 enim
545 962 657 1044 istam
682 958 802 1045 nerle·
825 960 969 1048 nesciri
1000 965 1194 1073 potuisse,
1231 972 1384 1084 quippe
1419 986 1618 1069 extensam

298 1070 349 1157 ad
365 1071 582 1183 septimum
603 1072 780 1189 gradum
796 1074 817 1177 s
816 1082 877 1190 g).
933 1076 993 1159 Ex
1012 1076 1133 1161 altera
1152 1107 1250 1167 vero
1279 1087 1616 1194 concubinatu.

299 1188 366 1271 ius
393 1213 549 1273 nomen
573 1186 901 1273 memoriaenon
922 1184 1136 1301 proditur,
1180 1216 1222 1279 et
1261 1226 1361 1285 curn
1385 1234 1467 1319 qua
1490 1214 1613 1323 stupri
1707 1310 1713 1319 ¹

298 1300 638 1387 consuetudinem
676 1298 843 1399 habuit,
880 1300 1039 1387 nullam
1066 1304 1254 1396 Alfonsus
1289 1319 1449 1425 prolem
1481 1326 1612 1413 susce.

298 1415 362 1527 pit
385 1410 462 1517 (hl,
517 1414 752 1527 Alphonsus
767 1418 832 1499 IX.
856 1416 942 1501 Rex
963 1418 1154 1505 Castellae
1173 1447 1211 1508 et
1229 1430 1439 1537 Legionis,
1462 1441 1534 1550 qui
1558 1442 1608 1534 A,

299 1527 545 1615 MCCXXX.
569 1529 649 1616 fuit
672 1529 920 1628 defuniluS,
954 1530 1209 1622 concubinas
1243 1538 1387 1632 habuit
1419 1552 1609 1647 Aldararn

300 1646 441 1753 Lopez
468 1642 519 1729 de
536 1644 694 1748 Vllon,
726 1643 972 1731 Aldonciam
999 1648 1203 1735 Martinez
1227 1651 1278 1741 de
1304 1660 1442 1771 Silua,
1474 1671 1609 1781 Agne-

299 1778 387 1843 tem
418 1756 618 1869 Inniquez
654 1756 706 1842 de
733 1757 963 1857 Mendoza,
997 1760 1229 1849 Theresrarn
1267 1772 1389 1865 Gilde
1419 1782 1531 1881 Sosa,
1560 1810 1607 1870 ex

300 1866 456 1983 quibus
473 1869 656 1959 diuersos
673 1871 840 1985 reliquit
868 1872 1025 1963 liberos
1049 1881 1251 1969 naturales
1278 1889 1360 1997 (i).

861 2030 899 2132 ς.
953 2028 1068 2120 xxa.

417 2153 651 2273 Alphonsus
670 2164 738 2251 XI.
755 2159 981 2251 Eleonora'e
997 2166 1277 2275 Gusmanniae,
1291 2180 1397 2267 Petri
1409 2182 1528 2291 filiae,
1543 2194 1602 2279 Io.

281 2271 458 2369 ,Velasti
484 2272 629 2364 viduae
652 2276 863 2366 amoribus
882 2278 1099 2393 ,indulgere
1132 2291 1288 2401 coepit:
1333 2297 1388 2383 fic
1419 2324 1462 2386 vt
1483 2300 1605 2394 iusta‘e
1654 2292 1675 2305 ”

301 2397 431 2503 prop‘e
460 2387 636 2476 modum
656 2396 793 2479 vxoris
816 2394 916 2480 loeo
951 2398 1057 2480 esset.
1139 2402 1247 2491 Haec
1273 2412 1421 2498 mulier
1442 2444 1604 2529 genere,

227 2502 231 2505 ’
287 2504 457 2600 'forma,
481 2502 661 2613 opibus,
681 2506 872 2619 ingenie,
909 2531 1110 2617 praeterea
1136 2540 1248 2626 patre
1269 2524 1391 2611 Petro
1409 2532 1604 2621 Gusman-

302 2618 401 2715 nio,
424 2615 600 2724 viroque
623 2620 773 2703 Ioanne
789 2620 989 2719 Velasco,
1011 2627 1135 2734 paulo
1159 2655 1250 2717 ante
1275 2630 1601 2745 desuntiossatis

300 2729 506 2813 fortunata
521 2730 679 2816 suerat:
699 2734 828 2845 ,regio
851 2734 1043 2845 pellicatu
1078 2744 1222 2831 maiori
1240 2748 1350 2840 sama
1368 2784 1489 2867 quam
1520 2762 1602 2851 lau·

300 2838 375 2937 de,
403 2840 520 2952 prole
535 2842 739 2949 foecunda
759 2846 858 2944 suit,
882 2846 1054 2965 filioque
1076 2858 1256 2948 Henri'co
1287 2868 1448 2957 tandem
1476 2878 1602 2995 Rege,

300 2952 398 3041 felix
420 2955 702 3069 portland).
760 2964 869 3049 Haec
893 2992 992 3049 vero
1015 2969 1217 3059 Eleonora
1240 2986 1329 3090 posi
1345 2986 1468 3100 Regis
1491 3023 1602 3083 mor·

267 3097 271 3101 “
299 3092 384 3157 tem
402 3069 551 3181 Hispali
582 3092 695 3187 tap'ta
717 3085 839 3187 atque
861 3080 904 3163 in
923 3080 1145 3168 custodiam
1161 3092 1217 3173 est
1237 3096 1378 3182 tradita
1402 3102 1450 3209 (l)
1480 3130 1602 3221 atque

206 3192 212 3201 '
298 3185 402 3273 iussu
420 3185 530 3272 Petri
560 3185 752 3280 Crudelis
767 3219 839 3303 per
862 3193 1074 3283 Alsonsum
1110 3198 1336 3297 Olmedum
1351 3230 1352 3235 ‘
1369 3214 1412 3298 in
1443 3244 1599 3308 carcere

349 3502 415 3600 (f)
435 3507 534 3579 Extat
548 3506 647 3611 ,Bulla
666 3504 819 3605 Gregorii
836 3506 908 3586 vll.
926 3513 1013 3613 apud
1037 3540 1130 3609 aar,
1152 3519 1198 3595 de
1218 3544 1343 3597 som
1362 3528 1422 3605 41,

341 3620 899 3719 (graaadesovsacdaao.
967 3682 970 3687 -
1173 3720 1177 3727 ,

298 3756 303 3764 ·
346 3736 416 3826 (h)
438 3760 635 3810 narrant
659 3738 790 3814 lib.lX.
817 3765 844 3817 t.
869 3746 941 3820 XX.
1107 3800 1116 3809 ,

342 3852 403 3943 (i)
425 3872 569 3926 ruuor.
590 3850 670 3946 Hrst.
690 3848 776 3953 Hisp.
800 3874 833 3925 et
859 3862 931 3930 scal.
964 3866 1038 3933 Gen.
1063 3888 1095 3962 p.
1111 3882 1169 3955 39,

290 4005 293 4010 >
337 3968 400 4065 (k)
437 3969 1169 4060 Verbasuntnaarauarlib.Xs.exeunte.'
1224 4004 1242 4087 j⁸

341 4069 968 4199 (rturnamara,ayr.c.xva
1092 4088 1094 4093 ’
1231 4101 1234 4109 ’
1304 4107 1341 4187 .·
1396 4184 1398 4191 ,

1537 3337 1599 3423 in·
1708 3334 1716 3409 ἶ
1843 3356 1850 3363 “’
