3734 4734
331 278 335 288 .
576 208 743 317 fratr.
772 208 1219 323 Μώμῳ
1498 242 1568 319 17,

251 362 565 497 mamas
585 376 731 470 nara
753 380 822 481 ra,
836 381 954 497 quoa
974 378 1176 473 am
1195 380 1364 501 maus
1381 386 1572 503 prisca.

250 524 413 615 ptum‚
447 494 716 584 solummodo
747 494 991 596 obsum,
1028 500 1171 587 ciuilia
1201 500 1311 589 reste
1348 504 1570 624 negligunt

246 616 443 704 solennia.
464 594 733 725 thtriaiure
752 632 920 703 naturae
932 612 984 699 ad
996 613 1233 703 soluendam
1249 618 1437 733 patriam,
1450 640 1569 733 pote·

251 734 397 843 statem
425 724 537 815 solus
565 726 692 839 panis
715 727 930 817 consensus
960 722 1112 817 sufficit
1143 732 1209 844 (ξ.
1222 754 1260 823 1.
1310 734 1568 823 summorum

246 846 373 934 etiam
388 842 684 954 imperantium
702 839 826 929 liberi
836 842 929 930 solo
955 846 1081 957 patris
1099 844 1204 933 cons
1262 875 1292 934 u
1401 850 1438 935 'a
1464 848 1567 937 libe·

246 984 390 1047 rantur
406 958 619 1071 potestate.
691 955 740 1045 Id
753 983 927 1069 quoquc
944 958 1295 1075 facile·largior,'
1330 967 1481 1053 ustrrrn
1496 988 1564 1077 pa·

247 1097 356 1178 trem
376 1070 557 1185 supremi
582 1070 686 1157 iuris
710 1072 945 1185 principem
969 1070 1113 1169 liberis
1130 1076 1242 1191 posse
1257 1072 1432 1178 donare,
1462 1104 1563 1176 cum

249 1190 302 1276 iis
321 1182 596 1287 contrdrere,
614 1184 742 1299 idque
769 1186 903 1274 valide
925 1184 1017 1275 fieri
1038 1188 1360 1303 portentant
1384 1192 1562 1285 mar-hut

247 1303 367 1392 liberi
380 1330 468 1392 non
482 1304 820 1414 emancipentur,
838 1300 905 1389 sod
920 1301 994 1391 sub
1007 1308 1134 1419 patria
1149 1328 1337 1396 maneant
1352 1312 1560 1425 potestate.

246 1422 392 1514 Vnitas
428 1417 541 1505 enim
576 1412 788 1531 personae,
842 1443 947 1530 quae
993 1418 1101 1534 apud
1150 1422 1361 1511 Romanos
1400 1446 1558 1537 patrem

248 1561 346 1621 cum
360 1528 504 1621 liberis
532 1526 773 1624 contrahere
797 1528 1012 1645 probibet,
1060 1562 1147 1625 non
1177 1562 1227 1623 er
1263 1534 1357 1653 lege
1390 1559 1558 1636 naturae

247 1653 325 1748 cst,
353 1646 420 1733 sed
438 1647 580 1761 potius
603 1648 707 1734 iuris
725 1645 864 1733 ciuilis
887 1649 996 1737 rede
1023 1650 1206 1739 censeor
1221 1646 1557 1769 figmentumea·
1640 1651 1647 1663 '

243 1788 324 1877 que
340 1758 526 1875 proinde
543 1788 632 1847 non
654 1757 786 1851 obstat·
805 1762 849 1852 su
898 1790 997 1851 emo
1018 1764 1260 1901 imperanti,
1297 1766 1451 1881 quippe
1480 1766 1555 1881 qui

241 1903 328 1979 non
349 1874 594 1988 ipsesolum
619 1873 786 1989 legibus
809 1879 852 1965 so
867 1901 969 1966 utus
985 1883 1042 1967 est
1057 1876 1283 1985 ciuilibus,
1308 1880 1375 1973 scd
1396 1879 1553 1975 liberos
1655 1973 1659 1981 .

240 2018 411 2109 quoque
428 1986 480 2077 ab
502 2012 642 2078 earum
657 1990 828 2081 liberare
842 1996 976 2108 potest
991 1990 1258 2087 obseruantia.

353 2258 466 2343 Inter
485 2256 651 2371 imperii
676 2258 726 2342 R.
744 2258 796 2344 G.
826 2266 1020 2369 proceres
1048 2250 1349 2365 emancipatio,
1376 2282 1478 2367 quae
1505 2254 1553 2347 fit

238 2396 313 2485 per
323 2368 517 2486 separatae
531 2372 805 2460 oeconomiae
820 2368 1136 2467 institutionem,
1156 2362 1383 2455 admodum
1399 2374 1456 2457 est
1471 2368 1549 2458 fte-

238 2512 396 2598 quens,
433 2488 522 2574 imo
556 2514 727 2601 quoque
749 2484 1087 2601 emancipationis
1111 2478 1303 2570 solemnis
1340 2484 1448 2573 inter
1476 2506 1551 2577 eos

238 2602 353 2687 vsum
391 2598 637 2689 confirmant
658 2601 857 2717 *exempla
884 2602 929 2687 in
953 2597 1129 2687 sectione
1163 2596 1334 2689 adducta
1363 2598 1549 2691 secunda.

238 2720 306 2801 Ast
334 2715 387 2803 de
406 2740 465 2801 eo
480 2714 691 2831 disceptari
708 2717 831 2814 solet,
857 2743 907 2801 an
927 2714 1120 2802 solemnis
1143 2708 1389 2805 huiusmodi
1412 2744 1549 2807 ernan-

240 2832 394 2943 cipatio
417 2832 635 2918 necessario
668 2828 759 2918 fieri
790 2827 935 2917 debeat
965 2830 1032 2915 vel
1059 2828 1254 2945 rescripto
1285 2832 1548 2947 imperatoria

235 2947 301 3035 vel
325 2937 582 3045 iudiciorum
611 2948 774 3061 imperii
797 2946 1091 3060 ‘supremorum
1124 2945 1394 3051 auctoritate?
1449 2950 1548 3036 Non
1699 3022 1704 3031 .

234 3059 397 3165 desunt,
424 3057 497 3172 qui
522 3052 732 3175 statuunt,
751 3090 840 3149 eam
868 3059 1086 3146 necessario
1116 3058 1349 3147 Iustinianei
1370 3060 1472 3149 iuris
1488 3062 1549 3148 sod

235 3176 385 3263 lemnia
406 3174 652 3275 desiderare,
676 3180 831 3291 qnippe
853 3172 968 3285 quod
987 3192 1200 3285 receptum
1214 3174 1488 3261 vniuersaliter
1504 3174 1548 3263 in

233 3284 548 3405 capsrs'quoque
564 3292 784 3381 illustrium
808 3289 940 3374 valere
962 3306 1162 3401 oporteat.
1217 3286 1301 3373 Alii
1322 3308 1471 3403 negant
1486 3288 1550 3375 iu·

232 3408 290 3491 ris
308 3409 485 3493 Romani
508 3406 636 3495 vsum.
693 3403 829 3521 Nobis
852 3402 987 3519 placet
1003 3394 1137 3485 media
1158 3396 1350 3489 sententia
1366 3428 1406 3491 o.
1420 3428 1549 3493 REM-

234 3547 489 3609 Mnarcfflr
511 3526 573 3635 (p)
591 3543 632 3607 et
658 3547 760 3611 ιιι.
793 3540 1048 3609 nascovrr
1074 3510 1177 3627 (q),
1202 3540 1382 3627 quorum
1399 3512 1474 3611 hic
1495 3518 1548 3611 src

232 3635 445 3748 loquitur:
467 3644 785 3737 mancipationis
805 3632 924 3720 adum
951 3658 1197 3751 nonnunquam
1211 3626 1420 3769 liescr'piunt.
1472 3642 1547 3725 Ne.

230 3777 302 3871 que
324 3748 426 3836 bodie
441 3752 593 3871 prolixe
605 3746 939 3951 dffputandumYeffi
956 3770 1078 3835 orrum
1090 3754 1326 3867 emancipatur
1343 3746 1548 3855 Anaflqfia·
1721 3789 1727 3803 ·

388 3938 392 3946 ·
434 3900 469 3966 .'
500 3928 504 3933 ·
554 3966 558 3971 ,
919 3882 945 3978 3
1483 3886 1548 3965 Ma

282 4020 344 4125 (p)
368 3996 622 4105 imrrdudioad
633 4028 684 4094 rus
701 4018 784 4121 publ.
798 4018 858 4121 ab.
876 4020 965 4093 rm.
985 4016 1079 4089 arr.
1094 4014 1119 4109 ς.
1132 4037 1169 4087 ιι.

207 4174 217 4191 ,
283 4126 340 4229 (q)
357 4129 496 4227 praep.
513 4118 678 4223 turpat
695 4120 853 4195 narra.
869 4116 926 4193 1112
940 4118 1006 4213 §.a
