3734 4734
321 281 393 367 ³88
619 264 758 367 Cap-IV.
782 255 1127 358 &inebriandum
1141 282 1334 338 exterorum,

319 439 448 529 itant:
477 430 568 519 aliis
594 430 1186 545 parentum‚propinquor·um,
1202 423 1389 516 affinium
1412 432 1488 518 esse
1504 460 1624 545 opes:

319 576 500 667 quorum
522 542 716 660 praefidio
740 542 863 641 freti,
881 545 946 632 vel
971 543 1108 630 delicti
1134 546 1453 646 ercuictionem,
1482 548 1557 642 vel,
1573 548 1629 633 fa·

320 668 517 755 ciliorum
540 661 700 747 reniam
717 661 873 775 ,sperare
892 658 1068 770 possint.¹
1117 658 1328 766 Interdum
1359 663 1482 751 etiam
1514 663 1625 774 cogi,
1661 751 1672 778 Ι

320 805 366 868 vt
387 776 437 864 ad
456 802 603 863 eorum
626 772 840 861 libidinem
864 773 954 859 suas
974 774 1154 859 adiones
1167 774 1521 862 accommodaret:
1556 777 1629 862 fibi

319 921 419 980 vero
442 889 585 976 insola
607 888 846 975 innocentia
858 886 968 999 spem
986 887 1228 976 defensronis
1238 890 1351 977 fore:
1380 889 1631 975 vnumenim

175 1003 180 1012 ’
321 1008 399 1097 etse
424 1003 578 1096 filium,
608 1029 734 1114 quem
764 1001 979 1114 spedareta
1027 1002 1149 1100 cuius
1185 1004 1631 1108 omnia'emolumenta

321 1149 421 1211 cum
442 1119 522 1205 suis
544 1116 789 1208 vtiritatrbus
804 1117 930 1202 essent
951 1118 1181 1207 coniuncta.
1239 1120 1347 1206 Haec
1369 1118 1441 1203 nisr
1461 1117 1630 1231 respice·

321 1239 414 1334 ret‚'
439 1235 719 1346 seminatam,
742 1259 840 1316 cum
863 1232 1053 1317 omnium
1087 1233 1215 1346 gratia
1248 1233 1442 1320 libentius
1471 1230 1629 1318 enseli-

192 1367 198 1374 ’
323 1352 416 1441 cius
440 1346 804 1444 diminutam,
826 1372 952 1457 quam
974 1349 1015 1432 in
1040 1345 1294 1460 corrigendis
1319 1344 1479 1455 deiiciis
1496 1345 1631 1432 omni·

323 1491 399 1552 um
418 1461 626 1570 malorum
640 1458 863 1548 subituram
882 1459 1144 1561 inimicitias,
1161 1479 1202 1545 et
1220 1463 1262 1546 in
1280 1459 1490 1549 bonorum
1504 1459 1630 1545 offen

293 1580 453 1671 ,nones
469 1572 958 1674 interdumincursuram.
1014 1576 1158 1686 Neque
1173 1603 1336 1660 nouum
1365 1574 1491 1661 videri
1510 1570 1628 1659 debe·

322 1721 383 1790 re,
407 1691 436 1774 sr
461 1690 612 1776 femina
636 1690 756 1784 alieni
780 1691 896 1800 regni
921 1692 1254 1800 procurationem
1276 1711 1404 1802 petat,
1431 1701 1530 1776 cum
1545 1714 1630 1773 non

322 1803 454 1894 modo
471 1804 518 1894 in
542 1804 767 1900 Britannia,
804 1799 938 1889 sedin
972 1805 1160 1890 maximis
1181 1805 1305 1890 ctiam
1332 1826 1382 1895 et
1405 1801 1631 1916 potentiosi

323 1921 406 2008 mis
433 1918 686 2006 continentis
709 1913 952 2028 regionibus
976 1915 1151 2002 feminae
1167 1919 1395 2032 regnari'nt:
1427 1939 1469 2004 et
1488 1916 1551 2002 ira
1569 1942 1628 2004 ree

243 2047 252 2126 Ῑ
325 2033 514 2150 gnarint,
541 2055 586 2118 vt
602 2029 960 2118 administrationis
976 2057 1115 2118 eamm
1148 2033 1263 2118 ciues
1293 2059 1379 2120 non
1417 2032 1630 2146 poenitue-

326 2150 395 2236 rit»
448 2151 550 2232 Haec
570 2173 649 2231 curn
672 2143 837 2253 dixrfflr,
856 2146 1198 2254 multorurnsecutus
1222 2143 1270 2249 est
1294 2146 1471 2254 afflnfirs,
1491 2151 1628 2260 partim
1725 2195 1732 2202 -

325 2288 470 2364 corun,
490 2255 722 2377 quifir'errae
732 2265 889 2374 gratiae
903 2257 1015 2343 lacurn
1031 2257 1221 2374 apudeam
1228 2255 1570 2377 praernunirbanr,p
1615 2309 1632 2328 ·

326 2381 408 2479 tim,
432 2379 497 2490 qui
517 2373 658 2459 alienae
677 2370 840 2458 inuidiae
862 2371 1026 2472 lruiirm
1037 2371 1088 2470 ad
1095 2375 1141 2479 fir
1159 2395 1412 2487 peruenturum
1419 2369 1630 2570 ,Zrnabam

324 2495 454 2607 Neque
480 2482 649 2582 deuant,
668 2491 733 2603 qui
744 2509 867 2601 praua
886 2481 1054 2590 libidine,
1065 2485 1106 2588 st
1117 2485 1237 2570 riedio
1258 2515 1307 2570 ex
1334 2492 1429 2572 orani
1450 2485 1630 2592 rsfierer,

328 2629 386 2704 ne,
410 2597 507 2684 verat
526 2621 656 2714 par-arm
675 2596 799 2682 idonei
813 2603 1122 2712 praeterirentur,
1153 2597 1331 2686 malebant
1346 2607 1508 2732 rppirram
1523 2603 1631 2694 arani-

330 2709 408 2812 bm,
454 2737 537 2794 ram
552 2710 645 2796 alios
664 2708 961 2817 diddensem,
980 2733 1046 2800 aut
1065 2717 1258 2826 superioris
1273 2709 1423 2798 Ordinis
1434 2713 1631 2827 praefhrri.
1721 2805 1727 2812 ,

240 2858 244 2865 ’
330 2736 548 2912 Norbani
563 2849 648 2906 vera
664 2845 762 2938 pars⁶
780 2828 1139 2936 incorruptionum
1163 2849 1201 2909 er
1220 2827 1321 2911 vultu
1347 2850 1385 2908 er
1404 2821 1524 2912 verbis
1551 2854 1643 2910 orn,
1667 2913 1680 2924 ,

331 2944 462 3023 rirnrm
483 2941 634 3053 reginae
646 2935 925 3051 aspernarentur
941 2961 1072 3022 ornnem
1102 2961 1234 3047 coetum
1265 2937 1492 3026 ,vehementer
1524 2944 1635 3024 mouit

270 3046 276 3060 “
333 3047 454 3140 iacobi
467 3046 647 3156 Kennedi,
665 3048 922 3164 archiepiftopi
936 3053 1029 3133 Fani
1043 3048 1222 3158 Andriae,
1235 3052 1437 3139 ardaricus
1449 3077 1487 3138 er
1504 3057 1634 3156 oratio,

258 3197 264 3204 ·
323 3191 435 3284 ,quem
449 3169 490 3247 in
512 3160 603 3246 hunc
621 3162 758 3247 modum
782 3163 933 3248 locutum
962 3170 1159 3279 accepims
1173 3197 1188 3246 .·
1226 3193 1440 3254 Mnxlntu
1466 3165 1631 3270 uellem,

330 3303 525 3391 proceres
550 3274 779 3378 clarissimi,
800 3298 844 3360 vt
862 3276 935 3384 qui
958 3272 1009 3360 de
1040 3276 1230 3364 omniurn
1256 3279 1377 3381 salure
1393 3275 1514 3368 rerba
1528 3279 1631 3366 face·

328 3418 375 3478 re
391 3392 639 3490 instituunt,
659 3391 742 3477 sine
757 3390 1011 3505 fingulorum
1034 3391 1253 3496 offensione
1281 3391 1407 3482 libere
1434 3421 1482 3496 es
1503 3391 1629 3480 animi
1695 3435 1698 3440 ·

323 3505 524 3601 ‚sententia
541 3505 586 3588 lo
645 3505 730 3590 iet
752 3509 930 3619 ponent,
945 3525 987 3590 et
1008 3505 1169 3594 'veilent
1224 3511 1346 3596 Nunc
1368 3534 1490 3607 vero,
1520 3499 1647 3606 cums
1715 3571 1718 3576 ,

330 3643 436 3729 quae
466 3613 515 3700 ad
547 3645 603 3728 pu
636 3618 759 3706 licam
783 3619 1067 3705 vniuersorum
1096 3619 1291 3732 dicuntur
1318 3622 1558 3726 uilitatem,
1579 3618 1630 3707 ad

329 3734 528 3844 priuatam
546 3731 751 3846 rapiantur
767 3731 1078 3834 contumeliam,
1099 3726 1271 3821 difficile
1285 3739 1362 3837 est,
1381 3738 1437 3823 ita
1454 3735 1631 3825 modum
1661 3751 1664 3760 “

243 3941 250 3948 ,
328 3846 436 3938 inter
457 3841 613 3932 diuersa
642 3844 797 3951 studia,
826 3869 867 3935 et
896 3870 1125 3960 pugnantes
1151 3849 1364 3938 sententias
1390 3875 1567 3949 tenere„
1586 3870 1632 3935 vt

323 3984 416 4052 non
430 3959 476 4053 in
494 3957 662 4066 alterius
676 3962 803 4075 partis
820 3961 1084 4061 offenfionem
1098 3962 1295 4057 incurras.
1354 3964 1487 4079 Quod
1501 3962 1631 4055 adme
