3734 4734
325 289 397 370 392
612 267 684 366 Cap.
699 265 756 338 !V.
778 263 950 337 menaeus
966 259 1132 358 immam
1152 279 1344 346 exterum.
1431 257 1436 268 ’

323 439 673 635 uirtutesbgenere
695 427 862 542 quidem
891 427 1073 534 easdem,
1098 427 1224 542 gradu
1242 454 1340 516 vero
1356 426 1481 543 longe
1497 427 1632 517 diuer-

297 579 303 588 ·
323 558 380 645 sas
404 551 498 638 atari
527 550 613 634 uit:
648 547 845 658 numqui
865 546 1005 632 minus
1020 541 1259 638 indecorum
1279 542 1451 641 ducere,
1468 545 1634 656 signum

250 653 255 668 ’
322 691 485 785 pugnae
501 687 754 776 proponere,
779 688 903 770 quam
918 660 1009 744 viro
1033 657 1187 756 lanam,
1208 658 1379 758 colem,
1404 659 1526 746 telam
1545 687 1633 744 cae,

323 805 491 892 teraque
508 771 734 867 muliebris.
746 773 995 862 infirmitatis
1021 769 1186 860 uariare
1208 773 1438 871 ministeria,
1448 799 1559 886 quae
1585 772 1631 862 in

325 897 425 982 viris
441 887 681 986 liberalitas,
704 885 935 986 fortitudo,
959 887 1162 987 seueritas,
1184 887 1227 976 in
1242 887 1419 974 muliere
1437 885 1629 998 profusio,

326 1008 502 1107 vesania,
525 1003 741 1094 crudelitas
764 999 964 1108 habetur:;
986 1023 1159 1099 contra,
1181 1001 1296 1114 quod
1319 1004 1361 1087 in
1380 1000 1637 1089 semina-ele·

326 1149 450 1242 gans,
469 1121 841 1220 come,venustum,
859 1121 907 1206 in
920 1117 1020 1202 viris
1036 1115 1231 1214 frasirun,
1246 1113 1632 1228 elumbe,putidrun

330 1237 547 1328 iudicatur.
604 1236 715 1320 Haec
739 1254 903 1320 naturae
917 1231 1059 1344 sponte
1076 1229 1278 1328 distinsia,
1299 1233 1371 1344 qui
1394 1231 1634 1342 permiscere

326 1377 371 1444 er
399 1343 650 1454 confundere
674 1371 897 1446 conantur,
927 1349 1069 1433 nonne
1098 1341 1217 1432 vobis
1241 1345 1430 1432 videntur
1443 1355 1634 1438 'omnem

328 1465 445 1580 regni
465 1466 633 1559 statum,
652 1458 815 1574 legibus
832 1486 873 1548 et
894 1459 1088 1554 institutis
1113 1459 1271 1574 optime
1293 1458 1531 1560 formatum,
1545 1485 1633 1548 non

328 1575 585 1698 perturbare,
610 1573 675 1660 sed
699 1577 876 1662 omnino
891 1593 1095 1663 euertere:
1141 1602 1240 1660 cum
1271 1571 1476 1662 muliebre
1503 1576 1632 1688 impe-

216 1769 219 1772 ,
327 1688 584 1784 riumnobis
601 1686 774 1802 probare
797 1689 1071 1784 contendunt,
1085 1689 1205 1776 cuius
1228 1715 1280 1776 ne
1293 1716 1445 1778 nomen
1464 1688 1634 1798 quidem
1733 1700 1736 1710 '

326 1811 463 1900 vllum
490 1805 614 1890 nostri
635 1805 812 1894 maiores
840 1800 1067 1893 habebant!
1097 1805 1234 1891 Huius
1253 1804 1368 1892 enim
1387 1812 1448 1913 (vt
1463 1801 1563 1910 dixi)
1577 1803 1634 1889 le·
1732 1817 1736 1824 '

330 1923 503 2038 gislator
521 1941 607 2004 non
627 1937 712 2002 tam
734 1917 779 2002 in
799 1943 845 2002 ea
868 1913 1086 2006 condenda·
1103 1942 1266 2008 nouum
1292 1917 1358 2006 ius
1382 1917 1553 2006 attulisse
1571 1917 1631 2002 vi·

331 2037 476 2131 detur,
497 2056 621 2144 quam
644 2053 881 2144 perpetuam
894 2033 1101 2122 maiorum
1118 2029 1454 2128 consuetudinem
1485 2031 1633 2129 literis,
1656 2123 1661 2132 ,

247 2199 253 2210 ι
296 2187 299 2195 ’
331 2149 380 2250 ad
401 2146 646 2264 posteritatis
681 2146 925 2234 memoriam
955 2145 1227 2258 consignasse:
1271 2167 1313 2234 et
1333 2145 1448 2260 quod
1469 2147 1512 2232 in
1535 2170 1631 2258 rege

333 2261 529 2366 creando,
549 2285 690 2346 natura
706 2259 835 2364 duee,
852 2259 1007 2371 semper
1033 2259 1165 2346 fuerat
1179 2259 1431 2373 vsurpatum‚
1453 2258 1496 2379 id
1513 2260 1557 2344 in
1571 2284 1633 2344 re-
1755 2303 1759 2314 ·

358 2380 404 2464 io
421 2383 590 2488 quoque
613 2396 752 2461 tutore
768 2375 956 2486 creando,
979 2371 1144 2488 publica
1157 2375 1397 2464 miseritam
1420 2373 1634 2468 obseruan-

330 2408 435 2578 ἓυω
450 2492 702 2576 consecrasse.
753 2560 759 2572 .
783 2491 900 2577 Hanc
922 2493 996 2604 qui
1020 2485 1245 2578 labisasbare
1264 2511 1496 2592 conantur,
1519 2483 1638 2601 quod

332 2602 446 2692 aliud
478 2602 724 2701 moliuntur,
739 2629 862 2716 quam
882 2614 1095 2690 vt'omrres
1120 2603 1399 2717 leges,·ritus,
1412 2604 1634 2692 consuetu

333 2717 451 2807 dines
473 2718 700 2820 maiorum,
723 2717 854 2804 male
886 2715 1137 2816 eviolanda‚
1162 2719 1282 2808 semel
1298 2722 1525 2812 euertants·
1553 2717 1634 2805 Ne·

333 2857 416 2944 que
442 2855 523 2944 ego
540 2831 729 2942 (nequis
750 2829 794 2916 id
816 2860 838 2918 e
876 2833 1102 2938 umnierur)
1130 2831 1242 2945 leges
1272 2859 1418 2920 omnes
1434 2887 1447 2930 ,
1466 2828 1561 2930 vel,
1586 2849 1633 2916 vt

334 2947 378 3056 in
400 2966 610 3032 aeternum
626 2945 722 3033 latas
748 2943 924 3036 arbitror
945 2943 1248 3053 immutabilem
1284 2947 1360 3034 alia
1388 2945 1558 3032 aliarum
1579 2948 1634 3032 est

333 3059 451 3166 ratio,
473 3059 551 3144 alia
565 3059 651 3157 vis,
673 3061 749 3147 alia
773 3055 982 3148 conditio:
1012 3087 1115 3174 quae
1132 3062 1244 3146 enim
1259 3059 1308 3148 ad
1322 3059 1635 3174 temporumvi-

336 3171 596 3260 cissrtudines
615 3173 996 3286 accommodantem,
1020 3203 1089 3262 eae
1103 3174 1317 3276 fortunae,
1344 3173 1635 3267 inconstantiae
1765 3261 1769 3270 ,

169 3289 173 3296 ’
280 3305 303 3352 ⁸
334 3289 427 3374 sunt
445 3283 676 3374 obnoxiae:
711 3288 869 3376 tamdiu
898 3287 1044 3376 durare
1072 3288 1225 3388 solent,
1261 3287 1457 3402 quamdiu
1486 3308 1636 3390 manet,

335 3429 438 3518 quae
461 3428 528 3488 eas
555 3403 780 3514 imposuit,
810 3405 1052 3510 ncce'sfitas3
1080 3427 1122 3493 et
1140 3431 1242 3514 quae
1256 3431 1327 3517 per
1343 3405 1428 3493 vim
1444 3427 1635 3512 tyranno·
1659 3427 1668 3440 ·

334 3545 432 3604 rum
453 3512 729 3604 obtrudenrur
756 3544 856 3606 cum
870 3517 950 3604 suis
971 3518 1209 3608 austoribus
1222 3518 1307 3607 sere
1319 3546 1395 3603 vna
1415 3514 1636 3604 tolluntur.

262 3652 268 3656 ·
336 3633 391 3717 At
411 3650 575 3716 naturae
596 3631 682 3714 vim
701 3630 838 3731 illam,
861 3661 965 3744 quae
982 3636 1078 3723 viua
1095 3629 1406 3746 quodammodo
1422 3631 1487 3718 lex
1508 3631 1575 3736 est,
1595 3647 1638 3714 et

333 3771 357 3829 a
382 3739 476 3830 Deo
503 3741 672 3830 condita
692 3746 736 3830 in
752 3747 1004 3858 animosque·
1018 3745 1397 3844 hominumincisr,
1410 3767 1451 3832 et
1471 3745 1638 3857 penitus

333 3857 544 3969 impressa,
567 3857 723 3944 nullius
742 3861 1024 3948 multitudinis
1042 3858 1269 3961 consensus,
1290 3858 1640 3964 nullahominum

332 3973 495 4062 decreta
517 3966 683 4061 abolere
695 3976 871 4089 possunt.
923 3979 1022 4066 Non
1039 3974 1154 4066 enim
1167 3981 1229 4088 (rt
1248 3975 1641 4171 egregirunpoetadr?
