3734 4734
635 285 641 296 -
667 205 950 341 eatmpias'qienr'
1176 200 1338 359 ‘bibisti'
1364 241 1367 246 ¹
1428 341 1433 346 ,
1469 210 1546 343 499Ι

224 422 411 524 nequeat.
438 427 442 437 “
467 367 696 504 Innullius
721 407 868 517 priuati
895 403 1067 494 arbitrio
1090 420 1133 496 et
1154 417 1349 524 potestate
1372 358 1469 509 esse,
1492 412 1543 501 'vt
1623 485 1635 502 Ι

225 543 383 641 praeter
406 540 448 608 et
464 543 606 606 contra
621 521 757 632 legem
772 516 981 632 publicam
998 545 1039 608 et
1057 524 1350 637 pragmaticam
1369 525 1539 610 sandio-

164 691 166 697 ·
223 667 345 735 nem,
364 635 552 722 utilitatis
572 631 763 747 publicae
777 636 905 748 gratia
919 629 963 720 et
977 657 1045 722 tot
1061 639 1248 724 clausulis
1264 638 1542 750 derogatorils
1672 722 1674 731 .

196 827 201 847 ,
226 743 536 864 etpoerralibus
552 749 776 850 munitam,
794 746 951 859 aliquid
972 749 1155 836 insuam
1170 751 1388 841 utilitatem
1406 752 1543 842 saciat·

227 863 564 966 Successronis-et
580 853 753 961 tutelae,
772 881 968 972 tanquam
991 863 1146 948 iurium
1178 867 1224 952 in
1249 865 1368 951 Bulla
1392 866 1543 976 insepa-
1611 928 1617 946 .
1728 831 1733 844 ¹

195 977 408 1088 rabiliter
434 1001 731 1073 connexorum,
758 975 930 1062 eandem
957 997 1145 1067 naturam
1173 979 1271 1082 elie,
1303 1001 1350 1064 vt
1379 982 1542 1065 testato·
1611 1015 1630 1082 χ

226 1095 285 1178 ris
299 1092 492 1177 voluntas
511 1091 556 1174 in
578 1091 645 1188 iis,
669 1090 742 1175 nist
763 1089 846 1204 legi
865 1086 1064 1176 confirma
1084 1092 1157 1189 fit,
1190 1098 1276 1176 non
1291 1090 1542 1193 attendatur.
1678 1138 1683 1145 ’

226 1207 462 1292 Elestorem'
497 1202 762 1292 Ludouitum
783 1204 848 1288 vel
871 1206 1100 1290 errorevel
1123 1231 1264 1290 amore
1288 1205 1456 1318 suorum
1479 1206 1542 1290 ni·

138 1332 141 1342 '
206 1321 320 1435 ¹ruio
344 1320 699 1420 circumuentum,
716 1317 870 1404 adeam
894 1317 1201 1407 adiunffionem
1217 1320 1261 1414 in
1282 1316 1414 1406 Bullis
1446 1345 1541 1432 pro-

228 1431 404 1522 hibitam
430 1429 659 1531 indusium,
681 1428 894 1543 probabile
924 1433 1015 1518 effe.
1116 1434 1215 1518 Eam
1238 1430 1543 1544 dispositionem

100 1569 103 1576 '
227 1575 316 1636 uon
340 1543 469 1632 modo
487 1543 616 1630 Bullis
633 1577 650 1644 ,·
675 1544 740 1634 sed
756 1569 798 1630 et
813 1544 1004 1633 moribus
1022 1566 1064 1631 et
1079 1546 1207 1658 pastis
1232 1545 1410 1635 familiae
1428 1545 1539 1636 Pala.-

229 1663 337 1748 tinae
351 1659 632 1752 haereditariis·
649 1663 913 1765 contrariam,
930 1656 1114 1772 adeoque
1129 1660 1276 1746 summi
1298 1658 1543 1772 praeiudicii
1616 1757 1620 1764 ,

226 1777 316 1861 esse.
371 1780 438 1874 De
455 1775 544 1860 iure
560 1769 724 1859 habenti
744 1795 1032 1860 tutorem-non
1052 1777 1164 1885 posse
1182 1775 1309 1860 alium
1327 1764 1541 1861 testamen&
1653 1873 1669 1889 ,Ι

225 1910 273 1995 t'o
290 1886 428 1986 datto
445 1887 509 1972 lea
525 1882 768 1998 prohibeat·
806 1892 985 1973 Auream
993 1889 1213 1985 Bullam‚sr
1233 1886 1315 1972 vlla
1326 1889 1402 1973 alia
1415 1908 1541 1999 parte,

227 2021 338 2089 certe
353 1990 532 2105 articulo
549 1997 864 2086 desutcessrone
879 2025 919 2086 et
936 2001 1063 2088 tutela
1073 2025 1158 2088 tam
1167 2001 1245 2086 esse
1260 2001 1481 2086 manifestis
1499 1995 1542 2085 et
1581 2032 1587 2056 ·

226 2114 468 2202 indubitatis
478 2109 613 2228 verbis
633 2117 1057 2225 conceptam5vteitra
1071 2113 1319 2202 calumniam
1331 2111 1539 2226 ambigui·

189 2283 197 2304 t
229 2229 324 2313 tatis
336 2225 707 2336 etimperfeiiionis
718 2228 1078 2340 arguinonpossrt.
1105 2228 1463 2314 Succesfionemet
1475 2248 1541 2316 tu·

97 2378 100 2387 ¹
150 2369 153 2379 ’
228 2339 1003 2426 telaminEleiioratuvnameteandem
1019 2338 1167 2428 habere
1186 2334 1539 2436 causamfioalem,

227 2451 408 2565 ideoque
422 2454 508 2566 pari
525 2454 614 2537 iure
631 2439 881 2537 censendam.
897 2451 1380 2542 Adiuniloscontutores
1396 2455 1541 2566 sponte
1674 2502 1679 2510 ·

229 2566 794 2664 confesios‚loanniCafimiro
805 2567 977 2654 tutelam
987 2568 1178 2654 intotum
1188 2567 1311 2654 adimi
1324 2596 1408 2654 non
1417 2588 1540 2680 potu·

227 2681 321 2780 isse,
342 2709 444 2796 ergo
467 2707 603 2792 neque
628 2680 672 2766 in
687 2701 830 2794 parte..
866 2685 1045 2771 Auream
1065 2683 1227 2771 Bullam
1250 2683 1422 2768 voluilse
1437 2697 1566 2797 'per·..

220 2820 395 2910 petuam
412 2793 702 2882 certitudinem
724 2794 1014 2901 introducere,
1038 2825 1143 2910 quae
1163 2800 1263 2882 stare
1289 2823 1378 2882 non
1401 2792 1541 2907 posue,
1651 2799 1655 2817 '

228 2914 256 3014 st
275 2910 481 2995 voluntati
501 2907 690 3005 ultimae,
707 2907 761 2992 ad
776 2933 956 2995 mortem
975 2908 1429 3020 vsqueambulatoriae,
1446 2902 1542 3007 sub,

229 3028 369 3113 iaceat
425 3021 561 3106 lmost
583 3021 704 3104 locus
719 3020 765 3103 stt
781 3023 1022 3107 testamento
1046 3031 1191 3108 c'outta
1214 3022 1400 3120 Bullam,
1433 3017 1541 3109 nihil

229 3138 386 3240 obesse,
409 3160 496 3247 quo
519 3133 660 3218 minus
681 3131 924 3246 septenarius
942 3133 1179 3222 Eleilorum
1194 3161 1393 3222 numerus
1416 3134 1541 3241 adar·

227 3255 401 3340 bittium
419 3251 657 3336 testatorum
672 3247 843 3344 creseat,
862 3247 1199 3336 secretariamiliae
1215 3273 1257 3335 et
1271 3246 1545 3359 impetimur-J

228 3364 375 3453 dantur
392 3363 563 3451 exteris:
594 3358 852 3446 dusensrones
867 3381 1087 3471 perpetuae
1101 3360 1291 3472 gliscant:
1321 3362 1436 3462 vices
1464 3361 1542 3445 im·

229 3479 332 3613 perii
351 3483 463 3590 gerat
477 3499 669 3587 ternpore
681 3472 908 3586 interregni
919 3494 969 3559 et
985 3472 1117 3560 causas
1125 3474 1303 3561 Caesaris
1326 3471 1486 3561 indicet
1501 3496 1545 3564 et

156 3677 159 3684 ,
230 3589 375 3677 rosulis
398 3587 693 3677 Eledotalibus
710 3587 924 3690 induatur,
941 3589 1266 3700 nonvnus,·qui
1284 3589 1327 3673 in
1337 3584 1457 3672 Bulla
1466 3613 1543 3674 no·

229 3705 411 3789 minatus
432 3707 509 3801 est,
537 3700 602 3788 sed
626 3719 667 3788 et
689 3701 854 3811 plures,
889 3703 1005 3811 iique
1027 3703 1232 3801 extranei,
1255 3703 1435 3798 Clerici,
1457 3701 1545 3812 ple·

227 3813 339 3914 beii,
361 3814 564 3910 foemina,
581 3836 626 3898 rt
647 3816 784 3904 Mater
798 3839 871 3918 aut
893 3815 1022 3900 Auia:
1050 3813 1204 3926 quibus
1219 3812 1417 3904 omnibus
1432 3818 1547 3900 tella⁴

228 3951 374 4018 mento
391 3929 501 4037 posse
527 3928 698 4017 tutelam
719 3929 869 4019 deserti
891 3929 1036 4019 notius
1060 3932 1138 4045 esi,
1177 3947 1370 4048 quunrvt
1392 3926 1548 4039 ,proba-

228 4045 346 4133 tione
367 4039 562 4153 indigeat.
1046 4134 1048 4137 ,

445 4161 451 4190 ’·
569 4157 999 4255 ·‚«³'·,2..Rrr2
1098 4225 1102 4234 .
1370 4153 1545 4278 §Ulli
