3734 4734
688 266 858 367 illustrium
904 266 1097 340 concubinis.
1158 251 1161 266 ³
1222 307 1227 317 x
1473 282 1545 357 229

233 442 445 538 interfecta
489 440 586 543 (m).
669 436 823 534 iorni,
868 390 940 547 qu
971 430 1081 517 filius
1107 431 1196 517 erus
1224 447 1307 517 erat
1326 427 1543 531 naturalis,

235 556 474 653 concubina
492 549 729 638 fuitEluira
756 550 807 637 de
829 550 1079 661 Villamayor
1105 552 1123 655 (
1150 553 1182 648 ).

777 694 818 794 §-
873 688 996 771 xxu.

348 838 398 923 ln
425 830 585 919 scenam
609 854 720 915 nunc
751 828 921 943 prodeat
948 830 1077 915 Maria
1102 828 1281 931 Fadilla,
1305 832 1414 918 Petri
1432 834 1544 921 Cru·

238 947 365 1049 debs,
389 950 461 1061 qui
485 944 582 1030 diui
611 942 807 1057 Alphonfi
833 946 900 1028 XI.
924 944 1037 1030 filius
1064 968 1153 1029 erat
1179 969 1300 1057 atque
1332 950 1545 1046 succeiior,

241 1058 645 1165 concubina2dolos1
671 1059 794 1143 animi
814 1058 1006 1143 foemina.
1059 1060 1202 1145 Petrus
1227 1062 1298 1146 iste
1321 1062 1419 1163 licet
1448 1090 1546 1149 curn

238 1183 409 1276 Biana,
441 1176 551 1261 Petri
569 1169 770 1258 Borbonii
789 1174 920 1258 Ducis
939 1170 1023 1258 filia
1036 1172 1172 1260 fuiffet
1190 1172 1460 1287 desponsatum
1488 1198 1545 1259 ata

237 1322 374 1385 tamen
398 1288 504 1379 dum
527 1286 726 1374 Asturiam
744 1308 918 1399 peteret,
937 1298 989 1373 'eo
1014 1288 1057 1371 in
1074 1290 1220 1375 itinere
1240 1291 1365 1405 Regis
1384 1290 1546 1377 animus

240 1410 394 1497 Mariae
415 1400 598 1490 Padiliae
613 1403 787 1487 Domini
807 1400 857 1486 de
880 1402 1082 1515 Villagera
1097 1402 1218 1501 filiae,
1239 1432 1341 1517 quae
1368 1406 1411 1489 in
1427 1402 1546 1489 Alba·

242 1520 434 1635 quetquii
454 1517 588 1604 Ducis
618 1516 770 1601 familia
793 1512 1068 1619 educabatur,
1102 1514 1248 1603 eximia
1276 1515 1549 1629 pulchritudi-

245 1666 299 1723 ne
324 1649 482 1747 captus,
503 1657 664 1716 cumea
687 1628 737 1714 ad
756 1632 794 1715 S.
812 1626 988 1719 Facundi
1007 1631 1208 1743 oppidum
1230 1634 1355 1746 stupri
1386 1632 1553 1717 consue-

247 1748 432 1837 tudinem
456 1743 605 1831 habere
623 1745 781 1856 coepit,
800 1746 822 1827 s
844 1747 958 1833 onsae
971 1746 1424 1861 irnmemor,nouisque
1438 1773 1549 1834 amo·

182 1950 186 1958 ,
245 1861 360 1953 ribus
384 1887 536 1953 amens,
562 1856 669 1942 vnde
685 1774 950 1972 Reipublicae
977 1862 1193 1974 Regnique
1214 1862 1285 1975 ipsi
1315 1863 1551 1975 supremum

241 1981 415 2067 'exitium
442 1972 666 2087 parabatur.
750 1976 923 2061 loannes
946 1975 1172 2060 Hinestrosa
1192 1976 1347 2087 puellae
1368 2002 1552 2064 auuncu-

244 2097 310 2181 lus
342 2090 658 2188 internuncius,
694 2115 924 2202 prauaeque
958 2086 1264 2177 consuetudinis
1296 2091 1551 2177 conciliator.

244 2212 447 2296 Tenetam
469 2200 673 2313 Principis
698 2222 883 2299 aetatem,
903 2205 1018 2313 praui
1038 2198 1232 2285 homines
1248 2202 1406 2311 obietia
1419 2205 1553 2317 specie
1654 2266 1669 2283 ,

247 2322 363 2410 omni
380 2315 624 2412 libidinum,
660 2314 1013 2426 conciliandisque
1027 2310 1331 2424 voluptatibuS,
1358 2316 1555 2429 quodge-

246 2466 327 2527 nus
343 2432 524 2544 obsequii
546 2430 767 2543 pesiimum
784 2432 853 2527 est,
875 2428 1114 2543 grauisfimo
1135 2423 1386 2539 reipublicae
1401 2426 1555 2513 damno

242 2550 434 2661 'odioque
474 2546 691 2630 communi
718 2544 845 2657 Regis
868 2544 1040 2659 gratiam
1068 2566 1329 2655 aucupantem
1416 2536 1550 2633 Domi

247 2663 407 2752 lasciuia
423 2682 528 2757 erat,
550 2657 654 2745 foris
678 2658 865 2745 saeuitiaz
899 2660 968 2745 cui
991 2680 1145 2745 ceterae
1168 2658 1371 2772 Principis
1397 2655 1556 2773 cupidi·
1675 2710 1679 2717 -

249 2792 355 2911 tates
377 2762 574 2863 cedebant
599 2769 693 2889 (o)
758 2776 839 2873 vn
854 2794 998 2973 {uftem
1020 2775 1166 2863 Petrus
1189 2774 1427 2887 nuptiarum
1452 2772 1559 2973 cgit-

506 2930 511 2938 ,
948 2910 973 3007 3
1505 2916 1559 2975 n·

229 3085 233 3101 ⁸
251 3112 257 3129 ¹
302 3096 374 3198 (m)
399 3089 597 3167 uariant
612 3110 643 3169 c.
655 3087 680 3161 1.
697 3086 882 3163 'dicatorum
897 3083 1120 3185 Gusmanm'am
1136 3096 1205 3163 eius
1220 3109 1359 3163 matrem
1386 3088 1562 3161 Tama-rae

252 3248 256 3253 .
363 3202 401 3269 in
425 3194 634 3291 Carpetania,
655 3182 710 3259 vbi
728 3196 764 3258 in
780 3188 915 3282 custodia
939 3208 1031 3273 erat,
1053 3188 1305 3284 imnficr'mdam
1324 3188 1429 3261 codem
1447 3206 1560 3285 ternpu-

252 3358 260 3371 .
367 3321 404 3368 re
422 3290 618 3365 mandauit:
651 3287 759 3358 caedit
769 3286 910 3382 minister
928 3286 1240 3385 AyorfitsOlmedus,
1259 3314 1374 3387 magara
1385 3293 1460 3355 noui
1468 3291 1562 3384 prin·

252 3428 278 3483 .'
361 3404 489 3496 tipattu
514 3386 658 3472 midiae,
686 3394 777 3458 cuius
803 3388 865 3459 tale
872 3385 1028 3488 specimen
1043 3394 1137 3459 initio
1149 3386 1338 3461 cernebatur
1386 3385 1508 3475 Scelere
1527 3390 1564 3455 in

367 3516 429 3569 uno
450 3494 551 3563 multa
573 3508 606 3560 et
619 3488 807 3589 grauirssmu
819 3508 951 3586 peccata
966 3484 1125 3585 commrffiz.
1176 3487 1270 3585 Qui
1281 3492 1462 3588 praeterita
1485 3510 1566 3585 gra·

256 3590 260 3597 ’
369 3598 539 3670 1121?ch
554 3596 676 3668 amicus
691 3586 774 3689 quid
781 3588 932 3687 prasuit?
967 3584 1187 3691 numerofiaque
1207 3591 1339 3691 proles?
1366 3593 1479 3659 Omnia
1490 3606 1566 3689 par*

367 3682 470 3769 ueriit
485 3712 583 3763 atrox
597 3696 674 3762 mur·
686 3692 786 3786 Regis
801 3694 960 3788 ingenium
969 3712 984 3759 .·
1008 3688 1061 3787 etss
1068 3710 1199 3793 propter
1211 3714 1352 3764 teneram
1369 3710 1503 3763 aetatem
1515 3688 1569 3759 di-

247 3830 259 3839 ·
302 3830 308 3840 ·
370 3802 406 3869 ri
420 3796 584 3889 facinoris
597 3789 723 3862 inuidia
737 3790 973 3891 penesuiduam
987 3794 1142 3889 Reginam
1152 3792 1262 3889 stetit:
1288 3794 1422 3864 dolorem
1447 3788 1568 3861 aediu-

374 3916 509 3969 turmtm
525 3916 569 3965 ex
587 3896 658 3963 viri
665 3892 817 3990 peditatu
827 3893 965 3964 aemulae
984 3890 1078 3963 caede
1094 3892 1198 3989 ulcisci
1208 3954 1210 3959 .
1220 3894 1296 3967 uelle
1314 3888 1379 3991 anfi
1398 3814 1446 3985 elz

251 4044 257 4053 ’
317 4022 892 4126 (tt)1truov.Htst›Hisp.erItal.
920 4006 1169 4123 (iuuandum.
1276 4122 1280 4127 .

256 4156 264 4185 ”
308 4149 921 4254 (0)uamimtib.1111.c.xil11.
946 4174 979 4229 tt
1002 4156 1121 4229 XVIII.
