3734 4734
612 237 746 320 MI.
765 229 1190 358 Iurisrxbibrn'sprincipie
1233 296 1239 306 ·
1264 312 1272 326 .
1514 267 1558 340 53

35 469 37 480 ,
121 435 130 450 '
247 435 327 502 nec
343 409 538 526 patrinae
554 407 769 520 imperanti
792 411 850 496 est
870 405 1211 524 confugiendum.
1268 403 1423 524 Quoad
1454 409 1556 498 Ger·
1607 502 1614 516 p

244 531 422 616 maniam
431 527 608 610 nostram
620 521 732 612 filius
744 523 912 610 illustris
931 547 1000 613 aut
1008 553 1131 612 rnam
1148 552 1195 610 ex
1212 519 1344 611 tribus
1360 525 1403 609 in
1412 526 1450 609 S.
1461 525 1510 610 lt
1521 527 1552 610 1.
1623 603 1628 621 ,

115 687 120 692 ·
246 642 427 732 toleratis
447 633 678 751 profitetur.
690 635 994 752 religionibus,
1042 664 1113 726 aut
1135 637 1360 736 haereticae
1381 629 1555 725 'cuidam

243 755 403 844 accedit
434 753 572 854 [eliae.
627 755 721 868 lloc
747 753 836 840 casu
861 759 927 840 ius
948 757 992 840 in
1009 755 1172 868 imperii
1197 779 1320 843 tetras
1336 749 1553 841 succeden-

239 871 283 958 rli
303 871 367 955 vix
386 865 691 953 fibi.··vindicare
709 870 868 978 poterit
885 873 988 982 (g),
1013 869 1089 959 illo
1112 896 1233 966 vero,
1256 895 1280 955 a
1300 867 1550 986 successione
1602 876 1605 884 '
1681 940 1685 949 ,

239 988 284 1074 in
302 981 421 1068 feuda
432 987 448 1088 ‘2
460 979 697 1092 [allodiaque
713 981 876 1100 imperii
897 985 1074 1082 auitavt¹
1086 1005 1127 1070 et
1144 987 1188 1070 in
1213 979 1320 1069 bona
1336 976 1550 1068 fideicom-
1624 1061 1627 1069 .

170 1101 172 1110 ’
236 1099 354 1186 millo
370 1092 545 1182 subieih
565 1092 728 1182 excludi
752 1097 907 1206 nequit.
986 1100 1105 1182 Dum
1131 1099 1243 1184 enim
1267 1093 1438 1182 cuilibet
1464 1096 1560 1208 pri·'

237 1233 337 1299 uato
364 1237 484 1294 vnam
503 1237 550 1294 ex
574 1206 642 1294 his
666 1205 944 1324 religionibus
959 1209 1077 1317 saluis
1092 1195 1349 1309 honoribus,
1367 1209 1561 1308 iuribus,'

234 1319 551 1413 haereditatibus
566 1321 843 1442 „legatisque
871 1324 1059 1436 ampleffl
1089 1327 1136 1410 fit
1170 1320 1346 1410 liberum
1380 1320 1469 1431 (h),
1500 1317 1544 1408 id

232 1439 526 1553 multomagis
547 1439 590 1521 in
606 1433 835 1523 illustribus
854 1432 997 1552 locum
1017 1437 1229 1537 inueniet,
1251 1441 1427 1524 maxime
1442 1437 1545 1523 dum
1593 1447 1597 1467 ¹

233 1577 308 1668 per
330 1558 470 1666 pacem
493 1551 740 1664 Religiosam
758 1563 890 1663 ‘a'eque
911 1577 957 1638 ac
975 1552 1298 1666 Westphalicam
1323 1552 1541 1665 religionis

233 1669 349 1758 statui
364 1668 408 1757 in
430 1667 672 1784 Germaniae
695 1665 929 1779 prouinciis
954 1667 1035 1753 iarn
1056 1671 1146 1755 satis
1169 1668 1217 1754 fit
1238 1667 1510 1781 prospetium.
1549 1705 1555 1717 ·

770 1874 809 1978 s.
867 1871 989 1959 LXII.

335 2037 504 2143 Officia,
513 2065 617 2156 quae
639 2035 781 2132 liberis
800 2071 895 2160 erga
909 2046 1079 2160 seipsum
1096 2042 1344 2143 obseruanda
1351 2045 1538 2139 veniunt,

127 2189 149 2200 ·
227 2158 404 2248 aliorum
420 2157 597 2271 respectu
615 2157 877 2258 coafflonem
894 2187 983 2248 non
998 2162 1234 2266 adnittunt,
1244 2167 1420 2268 minime
1434 2183 1536 2247 vero

209 2275 383 2363 ‘ratione
403 2275 530 2386 patris
545 2293 617 2360 aut
627 2274 867 2384 imperantis
886 2275 1143 2378 coaiiionem
1161 2281 1366 2386 respuunt.
1393 2380 1397 2386 ι
1425 2270 1533 2360 Patri

222 2387 507 2490 enimnaturae
521 2388 635 2500 leges
644 2381 947 2473 iusliberorum
961 2388 1235 2508 prospiciendi
1248 2384 1433 2587 &Jm'tati
1445 2395 1544 2496 peri

218 2499 1255 2618 fecium<§.XVl.et§.XL)etproindequoquereme
1283 2495 1533 2592 attribuunt,

220 2614 493 2705 liberosatlse
509 2615 617 2728 ipsos
641 2612 915 2726 perficiendos
945 2618 1136 2732 cogendi.
1192 2619 1333 2706 Simile
1363 2610 1538 2702 cuilibet

219 2731 437 2848 imperanti
455 2729 656 2842 competit
673 2727 763 2832 ius,
775 2719 937 2843 ‘quippe
954 2735 1022 2818 cui
1038 2730 1266 2821 adsalutem
1283 2723 1535 2849 reipublicae

156 2855 166 2867 '
219 2843 475 2941 seruandam,
501 2865 540 2929 et
557 2845 613 2950 fic
636 2841 825 2928 etiamad
847 2842 1116 2932 'obtinendam
1135 2849 1295 2956 ciuium
1311 2844 1530 2962 ,persenia
1673 2927 1679 2943 ,

220 2989 317 3049 nem
336 2956 526 3056 remedia
545 2956 654 3062 hautl
676 2952 911 3070 deneganda
933 2984 1054 3048 erunt
1075 2961 1271 3060 coaliiua.
1308 2963 1435 3066 ‘Tam
1462 2983 1531 3070 pu·

216 3079 294 3166 tris
310 3073 579 3188 igiturgu'am
600 3072 835 3180 imperantis
845 3075 951 3174 iure,
962 3071 1077 3180 filius*
1095 3073 1231 3166 officia
1247 3105 1342 3192 erga
1356 3075 1528 3188 seipsum

217 3189 435 3306 negligens
451 3209 602 3300 apatm
615 3211 712 3296 rege
727 3185 790 3298 vel
807 3185 995 3300 principe
1009 3196 1140 3302 potest
1156 3189 1324 3304 quidem
1343 3186 1527 3274 coerceri
1551 3209 1555 3215 ’
1619 3213 1626 3220 ’

218 3311 273 3393 ast
287 3303 414 3419 patris
429 3299 596 3409 suadent
614 3299 751 3408 officia
761 3365 774 3416 2
798 3329 882 3388 non
898 3332 945 3388 ex
960 3293 1106 3418 legum·
1120 3308 1283 3420 rigore,
1295 3301 1363 3388 secl
1379 3302 1523 3415 potius

214 3416 492 3508 emendationi
515 3407 810 3505 sufficientibus
824 3478 838 3516 ‚
854 3415 951 3502 licet
973 3415 1231 3516 lenioribus,
1248 3414 1383 3505 filium
1402 3414 1524 3530 plelii

215 3534 374 3649 poenis.
427 3528 585 3620 illustre
603 3529 761 3660 inhanc
776 3560 871 3733 τεηέ
880 3534 1031 3643 patriae
1046 3530 1271 3618 seueritatis
1289 3531 1526 3648 exemplum
1566 3527 1571 3537 '

743 3699 748 3708 ·
889 3667 916 3764 3
1227 3670 1230 3678 ⁴
1444 3673 1522 3734 nu

239 3880 243 3888 .
268 3789 453 3927 (gin-0.
478 3829 556 3902 art.
579 3827 729 3904 vra-fin.
757 3807 760 3821 ’
869 3831 875 3844 ·

266 3951 388 4050 (hp-P.
401 3949 449 4022 0·
468 3948 544 4024 nn.
558 3951 599 4028 ν.
620 3953 654 4036 §.
672 3971 732 4040 25.
756 3947 840 4020 adde
859 3949 898 4022 li.
924 3949 966 4046 dt
986 3973 1133 4024 arasse
1155 3950 1196 4022 de
1216 3945 1365 4021 libertate
1395 3953 1524 4019 Germa-

197 4088 203 4103 *
315 4059 595 4241 riiiacitlffi?
616 4049 814 4208 Gemi-Rip
845 4049 905 4120 der
929 4049 1078 4151 henrigm
1107 4047 1418 4145 Stant-Versafflng
1446 4043 1520 4116 lib.
