3734 4734
276 278 385 375 aaa
640 244 1295 374 eqrr'naem'ancrpunmr'rurm

314 460 411 526 nern
446 426 584 549 patria
607 436 855 550 plerumque
887 438 1062 552 potestas
1094 434 1256 544 finitum
1289 431 1420 521 rarius
1442 452 1541 521 vero
1562 432 1622 522 io·

314 551 507 645 lemniter
538 548 1037 669 liberiemancipantur.·
1165 582 1199 675 .'
1435 590 1440 599 ¹
1620 585 1626 603 ’

671 676 678 698 '
862 702 902 809 s.
954 692 1067 785 vm.
1216 686 1221 700 ’
1459 788 1465 795 ,

428 822 564 917 Nobis
594 855 693 920 vero
720 827 941 916 illustrium
960 828 1223 942 potissimum
1251 825 1339 911 iura
1370 821 1623 926 confideren-

313 936 429 1031 tibus
448 940 520 1032 hic
550 942 862 1031 examinandum
890 944 990 1045 erit,
1019 971 1070 1030 an
1103 967 1274 1057 quoque
1304 942 1426 1029 inter·
1445 941 1621 1028 illustres

302 1054 494 1169 ‘alicuius
518 1058 610 1164 vsus
630 1060 709 1147 tint
720 1059 1080 1170 emancipationes.
1103 1123 1107 1129 -
1134 1060 1185 1143 Et
1208 1058 1326 1145 srcuti
1345 1053 1623 1170 semper'illu-

229 1178 264 1228 '·
314 1174 412 1258 stres
435 1173 652 1287 ⁴supremos
682 1168 996 1289 imperantesab
1022 1172 1186 1285 imperii
1208 1173 1332 1265 Rom.
1358 1175 1498 1261 Germ.
1523 1198 1624 1285 prot

316 1282 481 1374 ceribus
509 1289 788 1403 inungimus,
830 1287 886 1375 ita
914 1282 986 1374 hic
1019 1314 1189 1401 quoque
1218 1286 1373 1374 diuersa
1396 1306 1622 1403 procerum

313 1402 475 1514 imperii
499 1424 540 1488 et
562 1402 736 1517 supremi
758 1403 859 1488 iuris
883 1404 1123 1515 principum
1145 1401 1386 1491 instituenda
1402 1402 1480 1489 erit
1501 1402 1619 1489 ratio.

313 1518 365 1605 Ea
386 1515 555 1629 quidem
573 1516 687 1630 quod
707 1510 756 1602 ad
777 1516 985 1631 principes
1015 1518 1227 1633 supremos
1252 1518 1396 1605 attinet
1420 1520 1621 1630 imperan-

314 1623 401 1740 tes,
442 1633 549 1719 inter
571 1630 661 1717 ⁴hos
684 1658 860 1745 quoque
881 1632 1229 1748 emancipationes
1261 1630 1372 1719 haud
1395 1660 1485 1719 raro
1509 1626 1623 1714 adhi'-

312 1743 472 1834 bentur.
497 1760 502 1766 ’
530 1748 668 1861 Exigit
691 1748 803 1833 enim
818 1742 1068 1859 reipublicae
1089 1746 1297 1835 interdum
1314 1748 1440 1846 ratio,
1473 1742 1623 1831 defide-

313 1882 424 1961 rant,
447 1857 702 1973 quibuscum
725 1858 839 1947 filius
862 1861 1035 1949 familias
1067 1860 1352 1949 contraiiurus
1384 1866 1464 1961 est,
1504 1856 1622 1965 iubet
1694 1918 1704 1925 -

311 1976 425 2088 saepe
439 1979 562 2062 status
586 1978 713 2074 ratio,
738 1997 783 2062 vt
801 1975 964 2089 epatris
989 1980 1183 2087 potestate
1204 1974 1278 2064 filii
1300 1968 1558 2091 dimittantur
1573 1971 1622 2056 il-

234 2189 242 2203 „
313 2090 514 2178 lustrium.
571 2088 704 2199 Quod
728 2089 830 2178 dum
852 2087 925 2189 fit,
947 2089 1010 2183 illi
1033 2092 1278 2205 emancipari
1308 2090 1515 2181 dicuntur.
1570 2088 1621 2174 Et
1679 2088 1688 2105 '

312 2206 411 2293 licet
433 2206 532 2304 sint,
554 2208 626 2317 qui
650 2227 821 2320 putant,
856 2203 1021 2295 nullum
1053 2208 1160 2294 inter
1193 2206 1368 2295 illustres
1392 2203 1620 2317 emancipa-

311 2320 441 2407 tionis
457 2322 544 2407 ·effe
565 2323 694 2419 ¹risum,
709 2319 891 2430 exempla
904 2344 1039 2409 tamen
1052 2320 1204 2413 docent
1219 2323 1485 2417 contrarium,
1501 2318 1620 2430 quip·
1675 2334 1679 2347 ·

311 2465 368 2551 pe
379 2464 484 2549 quae
504 2461 590 2520 non
612 2460 661 2519 ex
682 2434 904 2545 antiquiori
926 2432 994 2518 sed
1016 2464 1186 2551 quoque
1207 2438 1428 2529 recentiori
1456 2432 1621 2521 historia

223 2650 231 2661 ,
308 2547 464 2664 magno
488 2546 618 2633 afferri
643 2546 806 2659 possunt
829 2545 1014 2637 cumulo,
1099 2554 1168 2636 Ast
1197 2546 1496 2665 quomodode
1525 2546 1621 2645 illu,

209 2692 224 2704 ’
309 2665 454 2751 strium
467 2658 863 2775 emancipationibus
879 2658 1014 2750 adhuc
1031 2668 1162 2775 potest
1180 2662 1378 2754 dubitari?
1400 2691 1497 2752 cum
1513 2665 1620 2751 inter

311 2802 460 2867 omnes
484 2778 662 2875 constet,
684 2802 787 2887 quae
813 2777 946 2863 nostra
970 2798 1099 2865 aetate
1127 2780 1252 2869 faciae
1285 2782 1362 2867 srnt
1393 2780 1620 2892 emancipa-

311 2894 471 2988 tiones,
490 2890 631 2977 caroli
656 2892 937 3005 Hispaniarum
961 2891 1130 2981 infantis
1167 2900 1276 3005 (m),
1294 2895 1435 2987 Caroli
1460 2890 1618 2980 Alberti

311 3005 510 3122 principis
528 3002 843 3093 dum'Bauatiae
861 3006 922 3091 El.
940 3010 1003 3114 (n)
1026 3030 1068 3095 et
1088 3010 1280 3099 friderici
1304 3011 1476 3125 Augusti
1495 3008 1618 3095 Polo·
1749 3039 1758 3101 ;

251 3126 262 3135 “
310 3122 473 3211 irinum
490 3140 532 3209 et
546 3120 923 3210 SaxoniaeEleEior.
936 3120 1037 3210 dum
1052 3124 1255 3243 principis
1269 3122 1524 3248 haereditarii
1542 3132 1557 3230 (
1586 3126 1618 3229 ).

424 3392 544 3484 Licet
555 3421 654 3483 vero
668 3276 1042 3510 emancipagonum
1058 3400 1165 3488 riater
1181 3401 1356 3495 illustres
1372 3400 1519 3493 vsussrt
1532 3416 1620 3481 non
1654 3466 1657 3474 .

62 3514 69 3521 ’
195 3576 198 3582 .
309 3507 569 3621 infrequens,
599 3509 693 3597 illae
720 3534 856 3604 tamen
878 3534 924 3600 vt
950 3540 1089 3606 coram
1113 3504 1349 3631 magistratu
1367 3522 1435 3609 vel
1467 3507 1617 3604 ritibus

309 3624 409 3712 fiant
431 3617 652 3723 ciuilibus3
673 3625 830 3710 neceiie
851 3621 963 3714 haud
981 3634 1048 3717 est.
1138 3632 1291 3720 Potius‘
1312 3664 1409 3723 curn
1431 3623 1617 3745 'supremi

231 3811 235 3821 .
307 3740 555 3852 metantes
577 3734 744 3867 legibus
768 3738 895 3825 soluti
922 3743 1301 3854 noant-ciuilibus,
1321 3752 1367 3845 ni
1385 3771 1555 3869 quoque
1573 3736 1619 3825 in

991 3878 996 3887 '
1456 3880 1618 3961 ,eman-

306 4026 322 4097 -Ι
356 3959 431 4087 (ω)
458 3984 541 4057 vm
556 3978 682 4060 scau.
703 3964 893 4096 §.innan
951 4076 956 4093 ,
1049 4071 1052 4079 ,
1125 3976 1128 3982 ’
1185 3966 1192 3975 '

356 4083 568 4185 (affecisti.
592 4093 626 4177 s.
644 4088 715 4160 XV.
1044 4134 1051 4163 ,«
1096 4114 1099 4120 ·

358 4191 417 4282 (0)¹
446 4184 530 4298 §Ca-
552 4190 591 4267 Π.
617 4193 652 4280 §a
674 4189 763 4266 xvls
