3734 4734
330 279 407 354 104
538 344 543 354 .
672 255 783 363 oa
801 255 1333 366 armornm·

330 455 424 536 ces,
445 415 811 542 quibus‘cuslodia
829 431 1045 518 commissa
1064 451 1152 519 erat
1173 429 1407 518 Pannonici
1433 425 1580 520 limitis
1597 453 1645 522 et

108 627 121 670 „
330 544 570 644 caranum,
590 566 714 658 atque
733 545 920 656 persuos
942 573 1127 636 martam
1147 545 1383 634 ordinauit:
1410 543 1539 660 'quod
1564 549 1666 635 Re.
1836 561 1837 568 ‘

164 757 172 776 Ι
258 721 264 741 ,
332 663 399 778 gis
418 662 609 746 mimum
624 655 895 746 rebellionem
908 633 1143 774 suspicantis
1174 689 1261 747 non
1282 691 1428 775 partim
1451 687 1645 749 commo·

329 777 413 862 uit.
493 775 724 887 Insequenti
750 801 853 860 vero
879 801 989 864 anno
1016 805 1091 890 per
1119 780 1361 864 sactanema
1385 779 1498 889 pacis
1518 797 1562 864 et
1586 778 1644 886 sef

333 890 522 980 curitatis
539 891 632 976 suae
654 887 924 976 Ratisbonam
943 895 1080 992 venit,
1107 915 1151 980 et
1178 889 1338 980 reddita
1358 893 1518 978 ratione
1540 916 1644 978 con·

212 1095 217 1104 ,
331 1005 469 1094 uincit
487 1001 758 1104 aduersarios,
779 1009 967 1118 patrique
987 1007 1060 1094 suo
1075 1007 1386 1106 reconciliatur,
1409 1009 1644 1094 iuramento

229 1139 238 1148 '
332 1119 609 1218 confirmans,
633 1123 846 1232 nepostea
866 1121 1065 1208 malitiose
1092 1121 1305 1236 quidpiam
1325 1123 1642 1212 machinaretur.

318 1235 414 1325 'Sed
431 1239 481 1320 Α
496 1235 796 1326 DCCCLXIll.
820 1237 974 1324 iterum
1002 1237 1111 1350 apud
1135 1263 1293 1350 patrem
1321 1235 1461 1323 absens
1477 1237 1558 1320 suit
1578 1263 1644 1344 ac·

334 1352 517 1450 colatur,
545 1373 591 1437 vt
613 1351 736 1438 etiam
755 1347 998 1439 Ludouicus
1016 1349 1186 1465 publice
1211 1379 1351 1440 eoram
1365 1351 1529 1464 populo
1538 1377 1637 1461 pto-

332 1471 568 1565 teslaretur,
588 1466 946 1554 carolomannum
962 1465 1102 1554 filium
1122 1469 1241 1554 suum
1275 1463 1326 1552 ab
1351 1495 1405 1552 eo
1436 1491 1639 1576 tempore,

331 1605 374 1669 et
397 1579 613 1693 deinceps,
636 1578 946 1668 donec‘viueret
961 1605 1003 1670 et
1019 1604 1228 1697 regnaret,
1246 1581 1313 1666 sua
1326 1581 1544 1666 voluntate
1559 1607 1635 1690 pu-

330 1689 454 1783 blicis
477 1691 713 1782 honoribus
735 1723 948 1810 nunquam
972 1697 1051 1783 else
1067 1700 1324 1896 potitumm.
1403 1697 1483 1780 llic
1511 1695 1635 1779 etiam

171 1885 185 1906 ,
328 1807 472 1896 sraude
487 1807 752 1900 Gundachati
778 1811 962 1900 Comitis
985 1813 1042 1902 sni
1096 1835 1266 1925 eceptus
1298 1813 1465 1896 Ducatu
1486 1810 1636 1895 Caten-

329 1947 525 2012 tanorum
539 1923 623 2012 ruit
643 1926 843 2038 priuatus.
861 1925 1195 2013 carolomannus
1217 1951 1317 2014 vero
1341 1953 1414 2036 per
1432 1927 1637 2008 iuramen-

328 2060 370 2126 ta
392 2037 629 2152 principum
647 2041 761 2129 venit
783 2041 834 2129 ad
851 2065 1033 2156 patrem,
1068 2041 1120 2130 de
1146 2039 1320 2130 obieffls
1346 2037 1421 2130 fibi
1451 2035 1641 2130 crimini·
1664 2041 1672 2048 ’

324 2151 407 2244 bus
423 2154 601 2246 ‘securus
621 2158 694 2266 (z).
844 2222 855 2241 ,

894 2325 1079 2434 ΗΝ.

436 2487 612 2578 Ottonis
644 2486 710 2573 Μ.
738 2485 853 2572 filius
888 2481 1134 2602 Ludolphus
1163 2481 1214 2573 ab
1242 2490 1291 2572 A.
1316 2483 1488 2573 CMLII.
1523 2501 1631 2575 arma
1667 2503 1671 2510 '

326 2625 471 2690 contra
507 2603 666 2713 patrem
697 2599 933 2714 adripiebat.
990 2605 1098 2692 Otto
1128 2629 1228 2688 vero
1253 2603 1520 2717 Moguntiam
1541 2625 1633 2712 per·

322 2744 447 2829 gens,
461 2713 619 2802 ibidem
632 2714 902 2830 Ludolphutn
925 2721 1097 2834 coegit,
1121 2741 1167 2804 vt
1188 2718 1227 2802 se
1242 2713 1397 2829 parenti
1419 2711 1632 2805 submitte·

273 2891 277 2899 .
321 2851 404 2934 ret,
421 2858 467 2918 ea
484 2827 747 2934 conditione,
763 2855 808 2918 vt
828 2831 991 2920 sceleris
1016 2835 1203 2925 austores
1221 2829 1419 2918 indicaret
1435 2853 1476 2916 et
1500 2827 1659 2918 tradem

320 2965 394 3042 ren
450 2936 699 3057 ludolphus
724 2968 862 3048 autem
884 2947 1076 3036 hostilem
1105 2949 1292 3034 animum
1313 2947 1486 3034 minime
1502 2943 1628 3056 depo·

320 3085 423 3155 nens
457 3061 723 3173 Moguntiam
762 3087 863 3148 cum
902 3065 1085 3152 exercitu
1124 3063 1324 3162 intrauit,
1378 3057 1444 3146 sed
1493 3061 1628 3148 vissus

320 3171 371 3261 ad
393 3175 616 3276 Horsedal,
638 3176 740 3287 patri
761 3205 860 3264 cum
876 3179 1128 3268 ncMLw.
1157 3175 1349 3266 Salueldo
1363 3173 1627 3292 venationem

319 3289 537 3397 exerceret,
553 3289 716 3378 nudatis
736 3292 888 3404 plantis
908 3297 1158 3406 prostratus,
1180 3291 1326 3379 intima
1349 3289 1499 3376 crassus
1523 3313 1623 3399 poe·

255 3477 275 3495 .
319 3405 518 3505 nitentia,
538 3408 726 3494 oratione
739 3403 887 3522 flebili,
909 3411 1035 3522 patris
1045 3411 1260 3522 ptimum‚‘
1269 3401 1417 3494 deinde
1430 3403 1622 3486 omnium

318 3519 587 3642 'praesentium
603 3523 804 3638 lacrymas
834 3523 1009 3611 extorsit.
1066 3523 1284 3636 Susceptus
1308 3522 1435 3633 igitur
1460 3515 1505 3599 in
1530 3539 1621 3628 gra·
1662 3623 1671 3632 .
1767 3573 1770 3578 -

202 3631 206 3639 '
268 3674 272 3683 2
318 3627 435 3731 tiam,
453 3633 622 3746 spondet
635 3637 672 3722 se
689 3633 1089 3750 obtemperaturum,
1112 3633 1479 3740 consensurumque
1503 3625 1622 3714 omni

318 3767 506 3858 paternae
525 3752 724 3861 potestati.
806 3754 878 3836 Ast
903 3744 1048 3838 rursus*
1065 3747 1308 3863 Ludolphus
1325 3745 1534 3831 malorum
1551 3742 1621 3832 de·
1706 3851 1720 3872 l

194 3907 198 3917 .
281 3883 508 3976 ..priuatus
533 3865 710 3955 consilio·
722 3867 880 3967 restitit,
896 3869 1107 3982 patriaque
1123 3863 1275 3968 cedens
1296 3863 1341 3950 in
1356 3854 1516 3950 ltaliam
1530 3867 1640 3992 per-'

320 4038 327 4048 ·
726 4034 761 4055 ι·
937 4049 976 4060 -·
1146 4041 1149 4048 v
1430 3994 1707 4072 deme»

365 4190 421 4290 (ι)
445 4173 582 4265 annam
603 4177 767 4289 faunu,
780 4195 1089 4294 marmium
1114 4195 1251 4278 mares
1264 4132 1571 4314 miamin.
1621 4189 1625 4194 ·
1670 4259 1673 4264 ,
1840 4257 1841 4260 ,
