3734 4734
567 239 690 348 *sits-
714 243 1189 362 mu'aautmpuepuf
1493 283 1538 352 ν·

214 420 360 512 miei·
374 413 551 509 cuilibet.
566 413 846 520 emitterem,
859 439 864 452 ·
879 415 1132 538 sr'cquoque
1153 424 1215 514 nis
1243 420 1402 529 obstat,
1433 451 1522 544 quo
1583 508 1586 513 .

213 539 355 628 minus
371 535 499 652 patria
521 536 708 647 potestat
722 535 787 634 uel
816 535 925 624 inter
944 538 1068 624 vinos
1086 532 1151 625 voi
1169 540 1217 627 in
1230 545 1385 632 »mortis
1399 565 1526 631 cuens

218 675 307 740 tum
329 651 372 737 in
396 651 501 750 alios
521 647 648 761 posslt
674 647 905 750 transferri,
929 678 978 740 ex
995 679 1082 765 quo
1096 654 1227 742 tutela
1242 658 1441 745 enascitur
1455 659 1522 747 vei
1658 733 1673 748 „

215 765 504 874 resumentaria
520 764 584 848 vel
599 763 772 876 paiiiria.
812 744 910 852 'Iam
925 751 1026 866 ‘reru
1039 790 1211 856 mortuo
1232 770 1374 872 illustri
1394 794 1523 886 patre,

196 879 295 970 siue
319 883 560 994 testqmento
585 879 669 964 siue
691 879 813 990 patio
837 876 1074 991 liberorum⁸
1084 883 1395 973 minorennium
1415 909 1523 976 tute·

213 996 275 1084 l'ae
296 999 354 1080 est
377 992 662 1110 prospessur'n,'
678 1016 748 1080 aut
769 985 880 1080 dee'a
901 994 962 1080 nil
978 997 1096 1108 piane
1110 999 1167 1084 est
1182 1004 1362 1086 tautum.
1384 1003 1521 1090 Priori

160 1124 167 1135 ’
215 1111 319 1216 casu,
336 1110 418 1196 sola
435 1106 609 1220 quidem
627 1107 937 1226 mater-'iilustris
953 1111 1081 1224 patria
1096 1134 1284 1200 exercere
1302 1118 1446 1226 nequit
1463 1112 1527 1201 iu·

215 1219 280 1323 ra',
294 1227 445 1311 ass²nec
462 1222 518 1308 ab
539 1221 789 1310 educatione
810 1217 1039 1340 liberorum
1067 1229 1231 1338 penitus
1251 1228 1414 1316 excludi
1433 1249 1526 1344 pots
1551 1257 1557 1270 ‘

211 1339 309 1427 erre
379 1337 620 1426 'Posteriori'
635 1361 763 1438 veru,
798 1338 925 1422 nrat'ri
948 1337 1147 1426 ‘educatio
1177 1340 1409 1433 liberorum
1424 1381 1428 1392 ·
1442 1347 1521 1448 erit

216 1452 503 1568 relinquenda,
525 1451 753 1549 ita-tamen}
769 1448 962 1568 njess'segni
984 1455 1052 1540 seu
1068 1458 1316 1569 prouinciae·
1331 1481 1525 1572 proceres

220 1566 496 1667 excludantur,
519 1565 752 1682 sed‘pdtsus
773 1561 822 1651 ad
835 1575 986 1655 ‘euram
1003 1566 1261 1658 educationis
1286 1571 1403 1662 srmul
1429 1574 1528 1664 turn

219 1689 609 1779 matre'vocentuc,
626 1687 629 1698 '
647 1683 818 1794 quippe¹
833 1685 1016 1795 qubrum
1045 1685 1112 1772 vel
1134 1687 1310 1773 maxime
1339 1687 1529 1797 interest,

219 1798 447 1914 principem
470 1769 666 1910 regnan‘di
698 1791 854 1894 artibus
884 1796 1061 1900 educari,
1116 1801 1209 1888 imo
1242 1798 1414 1890 durante
1449 1801 1529 1891 filii

179 1933 193 1947 ‘
218 1912 536 2000 minorennitate
554 1911 670 2024 regni
692 1910 758 1997 seu
774 1911 1086 2024 prouinciarum
1098 1916 1282 2028 regimen
1301 1918 1423 2004 matri
1439 1945 1530 2010 non

219 2031 352 2144 potest
368 2023 584 2143 denegari,
605 2025 676 2109 nist
703 2025 833 2112 forsan
856 2023 972 2140 leges
988 2027 1053 2115 seu
1072 2027 1388 2130 consuetudines
1410 2035 1533 2150 regni

218 2141 287 2228 vei
331 2139 569 2256 prouinciae
600 2141 814 2247 'maternae
854 2141 1152 2229 contradicant’
1180 2144 1532 2234 administrationi.

220 2256 465 2356 Dumenim
482 2279 605 2370 regna
626 2253 772 2368 populi
791 2256 984 2370 consensu
999 2255 1128 2339 delata'
1146 2283 1195 2339 ex
1215 2257 1311 2342 solis
1332 2259 1441 2342 cum'
1453 2265 1546 2347 im·
1672 2336 1677 2346 .

249 2370 523 2470 eranteiniti's
543 2366 672 2484 passis
695 2369 1016 2482 constitutisque
1033 2363 1198 2481 iegibus
1223 2386 1416 2484 regantur
1439 2373 1533 2459 fun·
1580 2351 1587 2385 '

199 2397 546 2580 dementarlibtrs,
576 2481 755 2572 dubium
777 2509 862 2570 non
893 2486 969 2584 est,
1002 2483 1103 2591 quin
1131 2510 1205 2596 per
1226 2479 1299 2568 has
1324 2504 1453 2571 mater
1481 2481 1533 2572 ab

219 2599 385 2714 imperii
404 2596 695 2716 gubernaculis
710 2597 952 2696 ¹remoueri,
984 2593 1174 2709 illudque
1199 2621 1349 2798 apnato
1370 2598 1438 2687 seu
1462 2601 1532 2690 alii

221 2717 459 2827 cuicunque
482 2710 651 2822 durante
683 2711 932 2833 minoritatis
950 2715 1052 2801 statu
1071 2711 1199 2826 posfit
1247 2711 1380 2832 eserri.
1416 2826 1420 2834 ⁴
1484 2730 1487 2736 ·
1527 2808 1531 2819 k

339 3003 502 3092 Haecce
521 3026 620 3089 vero
643 3019 858 3114 parentum
875 2999 919 3086 in
940 2990 1095 3089 liberos
1118 3002 1294 3115 potestas
1323 3029 1410 3094 non
1430 3002 1534 3119 patri

220 3119 382 3220 solum,
404 3115 468 3204 sed
486 3143 654 3231 quoque
673 3111 895 3201 haud-raro
919 3139 1001 3202 auo
1016 3117 1214 3230 competit
1228 3140 1399 3230 paterno
1415 3118 1555 3206 ciuili.
1624 3191 1629 3201 .

224 3259 355 3349 aeque
383 3258 432 3320 ae
459 3229 757 3348 naturae-leger
809 3225 851 3315 si
873 3228 986 3316 enim
1005 3226 1118 3317 filius
1140 3234 1268 3344 patris
1288 3231 1424 3320 adhuc
1446 3228 1538 3318 sub·

224 3352 284 3438 est
313 3343 519 3472 potestati,
541 3347 649 3432 'tunc
686 3339 790 3458 patri
819 3343 886 3432 ius
917 3343 1024 3444 erit,
1060 3363 1106 3430 vt
1135 3359 1282 3432 omnes
1306 3343 1538 3436 liberorum
1574 3360 1578 3366 ’

225 3465 283 3553 ste
335 3485 505 3575 quoque
553 3455 630 3548 filii
652 3500 656 3512 ·
675 3457 883 3557 ausones,
951 3483 1055 3570 quae
1095 3455 1147 3542 in
1194 3455 1397 3572 nepotum
1440 3459 1539 3550 edu·
1683 3518 1687 3526 ·

231 3575 395 3667 catione
415 3573 640 3679 versantur,
661 3570 889 3688 dirigendi,
917 3568 1096 3685 indeque
1115 3569 1207 3659 filio
1234 3575 1540 3687 praescribendi,
1632 3649 1636 3656 .
1717 3633 1723 3640 -

234 3685 450 3809 quomodo
468 3711 670 3801 nepotum
691 3685 900 3774 instituere
915 3683 1059 3773 debeat
1073 3683 1374 3779 educationem.
1431 3692 1541 3780 Hinc

237 3829 335 3892 cum
356 3804 400 3891 in
416 3799 596 3916 ¹Angliae
624 3825 666 3886 re
699 3827 754 3888 no
787 3795 893 3916 inter
929 3799 1261 3913 potentissimum
1283 3804 1441 3920 Regem
1464 3799 1544 3888 ho·

232 3917 441 4030 diernum,
459 3828 744 4003 tuncWalfiae
759 3910 1005 4028 principem,
1021 3914 1194 4027 eiusque
1207 3925 1543 4028 patremRegem
1759 3995 1766 4002 .

230 4029 456 4123 discordiae
486 4053 600 4118 ortae
629 4025 815 4128 fuissent,
851 4022 1008 4142 sibique
1035 4037 1139 4146 auus
1165 4053 1369 4146 nepotum
1395 4027 1545 4119 educa·
1618 4037 1623 4044 '

330 4153 609 4268 struuiisursspr.
622 4162 749 4236 Heroic.
764 4159 800 4238 P.
813 4161 876 4276 sd!
976 4146 1010 4230 B
1070 4169 1075 4174 ’
1460 4145 1543 4232 tio·
1688 4213 1691 4220 .

358 4311 372 4344 Ι
764 4331 769 4337 ,
