3734 4734
319 473 496 561 latorem
513 458 750 554 habebunt:
783 460 840 573 srn
866 484 964 544 vero
985 462 1139 544 eorum'
1150 460 1284 560 oratio
1299 459 1348 545 stt·
1362 451 1531 570 publice
1547 483 1634 574 per-

75 605 84 624 ‘
196 655 205 672 ,
321 584 498 681 niciosa,
529 603 570 666 et
594 575 644 661 ad
665 575 810 688 legum
834 573 1027 660 omnium
1049 573 1275 672 interitum,
1298 595 1340 658 et
1357 567 1636 688 reginae'c'on·

323 693 556 799 tumeliam
571 688 741 804 species,
775 685 884 773 hanc
910 681 1018 781 mihi
1040 688 1200 772 veniam
1228 687 1412 800 primum
1435 715 1457 772 a
1479 690 1634 802 regina,

323 811 472 900 deinde
500 806 550 894 ab
582 801 779 892 omnibus
802 801 927 888 bonis
947 799 1090 886 datum
1110 802 1160 886 iri
1178 801 1319 914 spero,
1346 825 1391 886 vt
1406 803 1511 908 solua
1528 825 1569 889 et
1582 805 1635 890 sa·

327 907 530 1016 troianos
562 915 738 1032 (quoad
758 943 829 1030 pet
851 918 969 1029 leges
993 937 1035 1002 et
1059 913 1242 1001 instituta
1265 913 1476 1016 malorum
1505 915 1635 1034 licet)

271 1073 276 1080 ’
322 1043 488 1155 reginae
512 1035 750 1122 annositate
766 1057 852 1115 non
869 1031 1022 1128 celem,
1046 1028 1147 1142 quid
1172 1030 1364 1138 sentium:
1399 1053 1469 1117 aut
1493 1033 1646 1142 potius

323 1179 369 1242 vt
392 1151 435 1239 id
458 1147 586 1240 libere
606 1147 761 1243 dicam,
783 1142 901 1255 quod
926 1143 1007 1227 fine
1030 1142 1192 1230 summo
1216 1146 1362 1230 scelere
1388 1165 1523 1233 tacere
1545 1173 1633 1234 non

322 1265 501 1386 'possum
543 1268 680 1374 Atque
697 1275 783 1344 vt‘a
801 1254 964 1372 legibus
983 1258 1200 1371 incipiam:
1231 1259 1294 1347 lex
1306 1259 1368 1344 “est
1380 1258 1633 1346 a'Kennetho

322 1387 543 1498 regemon
565 1377 705 1463 minus
726 1371 942 1483 prudentis
967 1390 1010 1457 et
1026 1371 1219 1469 consum,
1242 1400 1367 1485 quarn
1384 1370 1479 1457 belli
1500 1373 1633 1486 glotis

327 1499 465 1600 claro,
487 1515 579 1578 ante
608 1489 860 1601 quingentos
881 1484 1062 1595 amplius
1084 1475 1214 1570 annos
1242 1487 1339 1585 lata,
1360 1507 1404 1574 et
1430 1486 1478 1572 ab
1500 1489 1633 1571 omni·

325 1612 406 1700 bus
428 1609 546 1724 tegni
565 1599 781 1703 ordinibus
798 1621 989 1712 accepta,
1014 1623 1054 1685 et
1072 1601 1142 1684 vsu
1159 1617 1225 1685 tot
1245 1627 1448 1686 annorum
1458 1598 1509 1692 ad
1519 1597 1632 1689 hunc

143 1805 147 1814 ,
325 1749 458 1837 usque
488 1720 601 1806 diem
622 1711 813 1830 probata,
833 1738 974 1830 utrque
991 1715 1126 1830 puptilo
1139 1727 1267 1799 coeant'
1279 1715 1431 1800 Ordines
1446 1719 1634 1832 uirumque

224 1877 233 1903 ¹
319 1834 541 1959 prudentia,
557 1855 593 1917 et
607 1825 731 1948 opibus
740 1832 963 1946 primarium
977 1828 1026 1910 eli
1050 1851 1135 1932 ant,
1154 1833 1220 1944 qui
1234 1835 1334 1948 regis
1345 1829 1494 1913 tutelam
1502 1852 1639 1945 geraty

282 1957 288 1972 '
327 1945 605 2070 requerendum
624 1947 731 2062 regni
752 1963 895 2059 potente
916 1967 1020 2024 resa
1078 1940 1230 2045 inillrer.
1287 1943 1397 2026 Haec
1420 1943 1483 2027 lex
1497 1937 1632 2026 ettiad
1755 1977 1758 1982 ·

229 2109 235 2124 ’
325 2057 588 2154 Kennethum
603 2119 617 2160 ,
633 2057 750 2161 velut
775 2053 1017 2151 auctorem,¹
1031 2053 1255 2159 referatur„
1269 2053 1374 2140 mihi
1399 2073 1632 2152 tamennon
1832 2057 1833 2068 '

327 2201 412 2266 tam
432 2176 592 2290 p'rirnus‘
610 2198 698 2256 earn
722 2167 857 2254 tulisse
882 2163 1064 2287 ¹videtur,
1098 2195 1222 2278 quarn
1254 2168 1449 2256 vetustam
1489 2171 1631 2254 Scoto-

325 2321 423 2380 rum
434 2283 806 2382 eonsuetudinem,
832 2281 1167 2368 nousssanciione
1191 2281 1466 2370 confirmasse:
1502 2284 1650 2380 mainz

110 2459 116 2468 -
187 2457 193 2472 .
327 2433 394 2494 res
426 2407 539 2489 enim
578 2398 702 2486 nostri
741 2393 842 2480 adeo
873 2418 1031 2480 etanta
1063 2421 1158 2482 cura
1194 2395 1359 2508 publica
1378 2393 1633 2483 'mulieribus

327 2515 555 2607 mandanda
570 2513 713 2614 alieni,
728 2514 784 2613 ut,
800 2509 828 2590 st
845 2507 985 2594 omnia
1003 2533 1141 2596 rerum
1157 2511 1357 2600 vocabula
1378 2512 1634 2610 excutias‚'ne

326 2628 545 2727 muliebris
582 2622 751 2737 quidem
785 2621 948 2732 imperii
979 2647 1133 2709 nomen
1152 2623 1279 2742 ..apud
1314 2655 1386 2715 eos
1417 2627 1630 2712 inuenies:

164 2826 171 2859 ,
324 2732 522 2858 'quorsum
541 2741 653 2823 enirn
678 2739 715 2823 ei
737 2735 794 2821 rei
817 2737 1286 2850 nomen'imposuiffent,
1311 2745 1430 2828 cuius
1454 2741 1467 2825 i
1498 2737 1632 2824 finul·

310 2861 426 2955 ium,
435 2855 601 2969 penitus
618 2852 734 2964 vium
757 2843 1004 2952 habuissent,
1021 2845 1106 2952 'nec
1131 2853 1176 2938 in
1200 2859 1447 2966 posterumv
1482 2882 1554 2941 unr
1570 2851 1631 2938 fo·
1755 2925 1759 2934 .

234 2975 237 2992 '
272 3027 281 3042 ‹
324 3001 371 3062 re
395 2970 628 3088 sperabant:
656 2967 774 3076 Qus
795 2964 907 3080 enim
928 2965 1089 3076 reginas
1108 2965 1178 3052 alii
1198 2968 1271 3054 suo
1292 2972 1471 3083 quisque
1487 2971 1634 3054 senno·

325 3111 473 3175 nenos
502 3103 680 3196 regnum
706 3104 852 3163 uxores
874 3077 1156 3189 appellamus:
1199 3109 1276 3168 nee
1305 3085 1460 3171 altioris
1487 3080 1633 3194 fastigii

194 3260 198 3266 -
319 3197 627 3290 nomenvssum
643 3193 765 3297 ineis
784 3193 1064 3305 agnoscimus:
1093 3194 1315 3283 voluerunt
1330 3201 1455 3301 enim,
1468 3196 1633 3310 opinor,

323 3317 403 3404 viri
418 3311 660 3427 prudentes,
682 3330 728 3393 vt
756 3306 871 3404 illae,
896 3308 1060 3416 quoties
1086 3311 1341 3398 mentionem
1357 3313 1416 3397 sui
1440 3309 1528 3396 fieri
1548 3307 1632 3395 ndi·

325 3453 439 3532 rent,
462 3456 510 3513 ex
529 3421 720 3512 adiun&o
747 3422 825 3528 viri
844 3421 1016 3504 nomine
1034 3422 1071 3506 se
1092 3423 1192 3510 viris
1217 3423 1427 3532 obnoxias,
1447 3425 1524 3511 effe
1547 3447 1632 3526 me·

321 3541 553 3638 misissent,
582 3540 720 3646 itaque
741 3533 790 3618 ad
813 3532 927 3652 hunc
942 3557 1074 3645 usque
1096 3535 1207 3626 diem
1238 3541 1404 3627 nullum
1431 3535 1632 3625 muliebre

248 3670 256 3684 ’
322 3654 569 3767 imperium,
595 3647 707 3734 nulle
733 3643 900 3844 Eublica
925 3654 1172 3756 procuratio
1200 3653 1292 3740 fuit.
1373 3658 1424 3742 In
1443 3648 1631 3740 motibus

325 3793 496 3884 quoque
513 3761 731 3876 magistrati
760 3787 833 3854 us,
851 3781 894 3844 et
906 3761 1177 3866 mandandis,
1199 3789 1240 3853 et
1255 3766 1504 3866 exercendis,
1531 3791 1631 3851 eun.

326 3885 421 3975 dem
438 3882 554 3994 plane
568 3900 730 3977 rnorem
747 3873 1064 3961 constantissime
1081 3875 1371 3970 obseruerunt.=
1395 3885 1500 3968 Nam
1523 3878 1632 3965 mul*

252 4009 283 4024 ·’
319 4000 355 4086 ti
380 3997 594 4094 honores,
621 4013 745 4103 atque
768 3990 812 4078 in
836 3986 904 4086 his
918 3987 1633 4113 iurisdictiones,vproptetingentia
1735 4033 1741 4040 ·

615 4163 621 4174 ·
971 4152 978 4177 2
1022 4149 1033 4174 ν
1570 4132 1632 4194 et·

1158 223 1168 245 „

327 303 400 401 39'0
612 277 753 394 CapJV.
785 290 835 363 u·
849 284 958 360 tutelis
972 238 1137 386 iilrstrimn
1151 299 1351 364 exterorum
1456 359 1467 376 .
1492 337 1502 346 ,
