<?xml version="1.0" encoding="UTF-8"?>
<!DOCTYPE html PUBLIC "-//W3C//DTD XHTML 1.0 Transitional//EN"
    "http://www.w3.org/TR/xhtml1/DTD/xhtml1-transitional.dtd">
<html xmlns="http://www.w3.org/1999/xhtml" xml:lang="en" lang="en">
 <head>
  <title>
</title>
<meta http-equiv="Content-Type" content="text/html;charset=utf-8" />
  <meta name='ocr-system' content='tesseract 3.04.00' />
  <meta name='ocr-capabilities' content='ocr_page ocr_carea ocr_par ocr_line ocrx_word'/>
</head>
<body>
  <div class='ocr_page' id='page_1' title='image "./dbvrcardgotthel01hoffgoog_0164.png"; bbox 0 0 3734 4734; ppageno 0'>
   <div class='ocr_carea' id='block_1_1' title="bbox 273 199 1348 383">
    <p class='ocr_par' dir='ltr' id='par_1_1' title="bbox 273 199 1348 383">
     <span class='ocr_line' id='line_1_1' title="bbox 273 199 1348 383; baseline -0.006 -55"><span class='ocrx_word' id='word_1_1' title='bbox 273 290 277 309; x_wconf 54' lang='grc' dir='ltr'>τ</span> <span class='ocrx_word' id='word_1_2' title='bbox 324 199 410 346; x_wconf 60' lang='lat' dir='ltr'>132x</span> <span class='ocrx_word' id='word_1_3' title='bbox 434 343 438 351; x_wconf 25' lang='lat'>¹</span> <span class='ocrx_word' id='word_1_4' title='bbox 639 247 712 354; x_wconf 77' lang='lat' dir='ltr'>Cap.</span> <span class='ocrx_word' id='word_1_5' title='bbox 734 209 763 322; x_wconf 73' lang='lat' dir='ltr'>i.</span> <span class='ocrx_word' id='word_1_6' title='bbox 790 251 842 327; x_wconf 84' lang='lat' dir='ltr'>Dr</span> <span class='ocrx_word' id='word_1_7' title='bbox 856 257 974 354; x_wconf 73' lang='lat' dir='ltr'>patric</span> <span class='ocrx_word' id='word_1_8' title='bbox 989 245 1156 374; x_wconf 54' lang='grc' dir='ltr'>Μήνη</span> <span class='ocrx_word' id='word_1_9' title='bbox 1170 220 1348 383; x_wconf 28' lang='grc' dir='ltr'>Ματρί</span> 
     </span>
    </p>
   </div>
   <div class='ocr_carea' id='block_1_2' title="bbox 179 393 1762 652">
    <p class='ocr_par' dir='ltr' id='par_1_2' title="bbox 179 393 1762 652">
     <span class='ocr_line' id='line_1_2' title="bbox 179 393 1762 620; baseline -0.017 -103"><span class='ocrx_word' id='word_1_10' title='bbox 179 506 184 517; x_wconf 88' lang='grc'><strong>.</strong></span> <span class='ocrx_word' id='word_1_11' title='bbox 246 523 252 536; x_wconf 51' lang='grc'><strong>,</strong></span> <span class='ocrx_word' id='word_1_12' title='bbox 326 418 374 508; x_wconf 90' lang='lat' dir='ltr'>in</span> <span class='ocrx_word' id='word_1_13' title='bbox 393 415 658 620; x_wconf 52' lang='grc' dir='ltr'>εοηῖΐεᾶιιιη</span> <span class='ocrx_word' id='word_1_14' title='bbox 679 419 800 506; x_wconf 80' lang='lat' dir='ltr'>suum</span> <span class='ocrx_word' id='word_1_15' title='bbox 818 421 959 511; x_wconf 85' lang='lat' dir='ltr'>venire</span> <span class='ocrx_word' id='word_1_16' title='bbox 979 421 1184 534; x_wconf 81' lang='lat' dir='ltr'>permifit,</span> <span class='ocrx_word' id='word_1_17' title='bbox 1209 443 1406 534; x_wconf 87' lang='lat' dir='ltr'>quosque</span> <span class='ocrx_word' id='word_1_18' title='bbox 1432 415 1543 522; x_wconf 63' lang='lat' dir='ltr'>dicio</span> <span class='ocrx_word' id='word_1_19' title='bbox 1556 427 1638 516; x_wconf 75' lang='lat' dir='ltr'>Mi.</span> <span class='ocrx_word' id='word_1_20' title='bbox 1757 393 1762 400; x_wconf 77' lang='grc'>’</span> 
     </span>
     <span class='ocr_line' id='line_1_3' title="bbox 329 533 1339 652; baseline -0.001 -28"><span class='ocrx_word' id='word_1_21' title='bbox 329 535 459 624; x_wconf 86' lang='lat' dir='ltr'>nistro</span> <span class='ocrx_word' id='word_1_22' title='bbox 507 533 654 626; x_wconf 72' lang='lat' dir='ltr'>ediiia</span> <span class='ocrx_word' id='word_1_23' title='bbox 674 537 997 652; x_wconf 75' lang='lat' dir='ltr'>transgresione</span> <span class='ocrx_word' id='word_1_24' title='bbox 1019 535 1277 626; x_wconf 75' lang='lat' dir='ltr'>satisfaceret.</span> <span class='ocrx_word' id='word_1_25' title='bbox 1330 585 1339 607; x_wconf 61' lang='grc' dir='ltr'><strong>ι</strong></span> 
     </span>
    </p>
   </div>
   <div class='ocr_carea' id='block_1_3' title="bbox 859 737 1168 850">
    <p class='ocr_par' dir='ltr' id='par_1_3' title="bbox 859 737 1168 850">
     <span class='ocr_line' id='line_1_4' title="bbox 859 737 1168 850; baseline -0.003 0"><span class='ocrx_word' id='word_1_26' title='bbox 859 737 1168 850; x_wconf 69' lang='lat' dir='ltr'>§.XXXIL‘</span> 
     </span>
    </p>
   </div>
   <div class='ocr_carea' id='block_1_4' title="bbox 121 899 1740 4263">
    <p class='ocr_par' dir='ltr' id='par_1_4' title="bbox 347 899 1641 994">
     <span class='ocr_line' id='line_1_5' title="bbox 347 899 1641 994; baseline 0.005 -8"><span class='ocrx_word' id='word_1_27' title='bbox 347 968 352 977; x_wconf 91' lang='lat'><em>.</em></span> <span class='ocrx_word' id='word_1_28' title='bbox 445 899 624 988; x_wconf 89' lang='lat' dir='ltr'>Nouum</span> <span class='ocrx_word' id='word_1_29' title='bbox 659 901 705 988; x_wconf 87' lang='lat' dir='ltr'>in</span> <span class='ocrx_word' id='word_1_30' title='bbox 741 901 883 992; x_wconf 88' lang='lat' dir='ltr'>eadem</span> <span class='ocrx_word' id='word_1_31' title='bbox 905 907 971 990; x_wconf 82' lang='lat' dir='ltr'>An</span> <span class='ocrx_word' id='word_1_32' title='bbox 1003 905 1082 992; x_wconf 84' lang='lat' dir='ltr'>liae</span> <span class='ocrx_word' id='word_1_33' title='bbox 1107 903 1276 992; x_wconf 85' lang='lat' dir='ltr'>historia</span> <span class='ocrx_word' id='word_1_34' title='bbox 1298 907 1485 994; x_wconf 88' lang='lat' dir='ltr'>occurrit</span> <span class='ocrx_word' id='word_1_35' title='bbox 1508 931 1641 992; x_wconf 83' lang='lat' dir='ltr'>erem·</span> 
     </span>
    </p>

    <p class='ocr_par' dir='ltr' id='par_1_5' title="bbox 256 1013 1641 1133">
     <span class='ocr_line' id='line_1_6' title="bbox 256 1013 1641 1133; baseline 0.004 -34"><span class='ocrx_word' id='word_1_36' title='bbox 256 1035 260 1044; x_wconf 86' lang='lat'>·</span> <span class='ocrx_word' id='word_1_37' title='bbox 332 1013 469 1126; x_wconf 89' lang='lat' dir='ltr'>plum.</span> <span class='ocrx_word' id='word_1_38' title='bbox 527 1017 737 1131; x_wconf 85' lang='lat' dir='ltr'>Georgius</span> <span class='ocrx_word' id='word_1_39' title='bbox 752 1023 964 1133; x_wconf 83' lang='lat' dir='ltr'>Augustus</span> <span class='ocrx_word' id='word_1_40' title='bbox 1019 1019 1215 1106; x_wconf 83' lang='lat' dir='ltr'>odiernus</span> <span class='ocrx_word' id='word_1_41' title='bbox 1233 1023 1295 1106; x_wconf 87' lang='lat' dir='ltr'>M.</span> <span class='ocrx_word' id='word_1_42' title='bbox 1309 1022 1539 1106; x_wconf 85' lang='lat' dir='ltr'>Britanniae</span> <span class='ocrx_word' id='word_1_43' title='bbox 1547 1021 1641 1108; x_wconf 75' lang='lat' dir='ltr'>Rex</span> 
     </span>
    </p>

    <p class='ocr_par' dir='ltr' id='par_1_6' title="bbox 332 1130 1648 1248">
     <span class='ocr_line' id='line_1_7' title="bbox 332 1130 1648 1248; baseline 0.002 -32"><span class='ocrx_word' id='word_1_44' title='bbox 332 1130 664 1242; x_wconf 78' lang='lat' dir='ltr'>potentissimus,</span> <span class='ocrx_word' id='word_1_45' title='bbox 689 1156 791 1220; x_wconf 89' lang='lat' dir='ltr'>tunc</span> <span class='ocrx_word' id='word_1_46' title='bbox 814 1135 975 1220; x_wconf 81' lang='lat' dir='ltr'>Valliae</span> <span class='ocrx_word' id='word_1_47' title='bbox 994 1137 1189 1248; x_wconf 89' lang='lat' dir='ltr'>princeps</span> <span class='ocrx_word' id='word_1_48' title='bbox 1216 1131 1258 1218; x_wconf 85' lang='lat' dir='ltr'>d.</span> <span class='ocrx_word' id='word_1_49' title='bbox 1283 1137 1390 1222; x_wconf 88' lang='lat' dir='ltr'><strong>XIIL</strong></span> <span class='ocrx_word' id='word_1_50' title='bbox 1414 1132 1648 1222; x_wconf 75' lang='lat' dir='ltr'>iiouetnbr.¹</span> 
     </span>
    </p>

    <p class='ocr_par' dir='ltr' id='par_1_7' title="bbox 200 1245 1643 1363">
     <span class='ocr_line' id='line_1_8' title="bbox 200 1245 1643 1363; baseline -0.001 -28"><span class='ocrx_word' id='word_1_51' title='bbox 200 1322 206 1335; x_wconf 81' lang='grc'>,</span> <span class='ocrx_word' id='word_1_52' title='bbox 334 1245 631 1334; x_wconf 75' lang='lat' dir='ltr'>Muccxvn.</span> <span class='ocrx_word' id='word_1_53' title='bbox 658 1276 706 1332; x_wconf 81' lang='lat' dir='ltr'>ex</span> <span class='ocrx_word' id='word_1_54' title='bbox 728 1248 983 1335; x_wconf 89' lang='lat' dir='ltr'>Guilelmina</span> <span class='ocrx_word' id='word_1_55' title='bbox 1013 1250 1161 1337; x_wconf 86' lang='lat' dir='ltr'>Carula</span> <span class='ocrx_word' id='word_1_56' title='bbox 1191 1254 1373 1363; x_wconf 88' lang='lat' dir='ltr'>coniuge</span> <span class='ocrx_word' id='word_1_57' title='bbox 1395 1245 1529 1336; x_wconf 88' lang='lat' dir='ltr'>filium</span> <span class='ocrx_word' id='word_1_58' title='bbox 1553 1245 1643 1334; x_wconf 83' lang='lat' dir='ltr'>sub</span> 
     </span>
    </p>

    <p class='ocr_par' dir='ltr' id='par_1_8' title="bbox 268 1357 1644 1472">
     <span class='ocr_line' id='line_1_9' title="bbox 268 1357 1644 1472; baseline 0.006 -32"><span class='ocrx_word' id='word_1_59' title='bbox 268 1420 276 1440; x_wconf 79' lang='grc'><em>,</em></span> <span class='ocrx_word' id='word_1_60' title='bbox 336 1360 515 1460; x_wconf 86' lang='lat' dir='ltr'>tulerat,</span> <span class='ocrx_word' id='word_1_61' title='bbox 532 1357 661 1472; x_wconf 88' lang='lat' dir='ltr'>quid.</span> <span class='ocrx_word' id='word_1_62' title='bbox 684 1364 752 1448; x_wconf 88' lang='lat' dir='ltr'>IX.</span> <span class='ocrx_word' id='word_1_63' title='bbox 769 1361 989 1450; x_wconf 85' lang='lat' dir='ltr'>Deeembr.</span> <span class='ocrx_word' id='word_1_64' title='bbox 1008 1363 1217 1450; x_wconf 72' lang='lat' dir='ltr'>noiitrrno</span> <span class='ocrx_word' id='word_1_65' title='bbox 1244 1386 1328 1450; x_wconf 89' lang='lat' dir='ltr'>tem</span> <span class='ocrx_word' id='word_1_66' title='bbox 1360 1365 1434 1449; x_wconf 68' lang='lat' dir='ltr'>ore*</span> <span class='ocrx_word' id='word_1_67' title='bbox 1446 1367 1552 1450; x_wconf 89' lang='lat' dir='ltr'>inter</span> <span class='ocrx_word' id='word_1_68' title='bbox 1565 1360 1644 1450; x_wconf 85' lang='lat' dir='ltr'>ho·</span> 
     </span>
    </p>

    <p class='ocr_par' dir='ltr' id='par_1_9' title="bbox 335 1393 1644 1590">
     <span class='ocr_line' id='line_1_10' title="bbox 335 1393 1644 1590; baseline 0.001 -30"><span class='ocrx_word' id='word_1_69' title='bbox 335 1484 424 1560; x_wconf 77' lang='lat' dir='ltr'>ram</span> <span class='ocrx_word' id='word_1_70' title='bbox 447 1469 741 1587; x_wconf 84' lang='lat' dir='ltr'>nonamatque</span> <span class='ocrx_word' id='word_1_71' title='bbox 756 1476 959 1564; x_wconf 81' lang='lat' dir='ltr'>decinum</span> <span class='ocrx_word' id='word_1_72' title='bbox 972 1475 1181 1590; x_wconf 85' lang='lat' dir='ltr'>baptismo</span> <span class='ocrx_word' id='word_1_73' title='bbox 1197 1477 1281 1564; x_wconf 85' lang='lat' dir='ltr'>fuit</span> <span class='ocrx_word' id='word_1_74' title='bbox 1304 1393 1490 1578; x_wconf 62' lang='lat' dir='ltr'>oblatus,</span> <span class='ocrx_word' id='word_1_75' title='bbox 1511 1479 1644 1566; x_wconf 91' lang='lat' dir='ltr'>Geor·</span> 
     </span>
    </p>

    <p class='ocr_par' dir='ltr' id='par_1_10' title="bbox 334 1589 1645 1705">
     <span class='ocr_line' id='line_1_11' title="bbox 334 1589 1645 1705; baseline 0.002 -33"><span class='ocrx_word' id='word_1_76' title='bbox 334 1589 380 1703; x_wconf 83' lang='lat' dir='ltr'>gi</span> <span class='ocrx_word' id='word_1_77' title='bbox 407 1589 626 1680; x_wconf 88' lang='lat' dir='ltr'>Guilielmi</span> <span class='ocrx_word' id='word_1_78' title='bbox 644 1618 799 1676; x_wconf 88' lang='lat' dir='ltr'>nomen</span> <span class='ocrx_word' id='word_1_79' title='bbox 820 1591 1005 1705; x_wconf 87' lang='lat' dir='ltr'>adeptus.</span> <span class='ocrx_word' id='word_1_80' title='bbox 1063 1593 1324 1704; x_wconf 85' lang='lat' dir='ltr'>Susceptores</span> <span class='ocrx_word' id='word_1_81' title='bbox 1340 1615 1452 1677; x_wconf 87' lang='lat' dir='ltr'>erant</span> <span class='ocrx_word' id='word_1_82' title='bbox 1467 1593 1547 1704; x_wconf 87' lang='lat' dir='ltr'>ipse</span> <span class='ocrx_word' id='word_1_83' title='bbox 1560 1592 1645 1689; x_wconf 82' lang='lat' dir='ltr'>Rex</span> 
     </span>
    </p>

    <p class='ocr_par' dir='ltr' id='par_1_11' title="bbox 179 1703 1661 1820">
     <span class='ocr_line' id='line_1_12' title="bbox 179 1703 1661 1820; baseline 0.001 -28"><span class='ocrx_word' id='word_1_84' title='bbox 179 1799 189 1819; x_wconf 17' lang='lat' dir='ltr'>p</span> <span class='ocrx_word' id='word_1_85' title='bbox 230 1711 235 1719; x_wconf 85' lang='lat'>&#39;</span> <span class='ocrx_word' id='word_1_86' title='bbox 338 1705 552 1818; x_wconf 79' lang='lat' dir='ltr'>Georgius</span> <span class='ocrx_word' id='word_1_87' title='bbox 581 1705 679 1789; x_wconf 83' lang='lat' dir='ltr'>Dur</span> <span class='ocrx_word' id='word_1_88' title='bbox 704 1703 756 1790; x_wconf 83' lang='lat' dir='ltr'>rie</span> <span class='ocrx_word' id='word_1_89' title='bbox 781 1705 1007 1793; x_wconf 82' lang='lat' dir='ltr'>Newcastle</span> <span class='ocrx_word' id='word_1_90' title='bbox 1031 1724 1210 1820; x_wconf 72' lang='lat' dir='ltr'>magnus·</span> <span class='ocrx_word' id='word_1_91' title='bbox 1231 1708 1358 1820; x_wconf 86' lang='lat' dir='ltr'>Regis</span> <span class='ocrx_word' id='word_1_92' title='bbox 1386 1707 1661 1794; x_wconf 67' lang='lat' dir='ltr'>Camerarius-</span> 
     </span>
    </p>

    <p class='ocr_par' dir='ltr' id='par_1_12' title="bbox 301 1818 1689 2049">
     <span class='ocr_line' id='line_1_13' title="bbox 301 1818 1646 1933; baseline 0.001 -29"><span class='ocrx_word' id='word_1_93' title='bbox 301 1834 304 1844; x_wconf 87' lang='lat'>&#39;</span> <span class='ocrx_word' id='word_1_94' title='bbox 338 1843 381 1905; x_wconf 89' lang='lat' dir='ltr'>et</span> <span class='ocrx_word' id='word_1_95' title='bbox 402 1818 591 1916; x_wconf 80' lang='lat' dir='ltr'>Duciffa,</span> <span class='ocrx_word' id='word_1_96' title='bbox 615 1845 721 1904; x_wconf 74' lang='lat' dir='ltr'>urar.</span> <span class='ocrx_word' id='word_1_97' title='bbox 738 1845 938 1908; x_wconf 67' lang='lat' dir='ltr'>neurus</span> <span class='ocrx_word' id='word_1_98' title='bbox 959 1819 1024 1928; x_wconf 86' lang='lat' dir='ltr'>(lt)</span> <span class='ocrx_word' id='word_1_99' title='bbox 1039 1824 1109 1932; x_wconf 90' lang='lat' dir='ltr'>qui</span> <span class='ocrx_word' id='word_1_100' title='bbox 1125 1819 1175 1905; x_wconf 86' lang='lat' dir='ltr'>ab</span> <span class='ocrx_word' id='word_1_101' title='bbox 1191 1821 1276 1932; x_wconf 91' lang='lat' dir='ltr'>ipso</span> <span class='ocrx_word' id='word_1_102' title='bbox 1287 1823 1399 1933; x_wconf 89' lang='lat' dir='ltr'>Rege</span> <span class='ocrx_word' id='word_1_103' title='bbox 1416 1821 1463 1906; x_wconf 87' lang='lat' dir='ltr'>ad</span> <span class='ocrx_word' id='word_1_104' title='bbox 1481 1819 1646 1930; x_wconf 85' lang='lat' dir='ltr'>huncce</span> 
     </span>
     <span class='ocr_line' id='line_1_14' title="bbox 339 1930 1689 2049; baseline 0.001 -31"><span class='ocrx_word' id='word_1_105' title='bbox 339 1930 545 2018; x_wconf 79' lang='lat' dir='ltr'>honorem</span> <span class='ocrx_word' id='word_1_106' title='bbox 563 1954 676 2018; x_wconf 86' lang='lat' dir='ltr'>erant</span> <span class='ocrx_word' id='word_1_107' title='bbox 701 1931 908 2041; x_wconf 82' lang='lat' dir='ltr'>destinati3</span> <span class='ocrx_word' id='word_1_108' title='bbox 941 1939 1058 2020; x_wconf 87' lang='lat' dir='ltr'>Dum</span> <span class='ocrx_word' id='word_1_109' title='bbox 1073 1961 1174 2020; x_wconf 88' lang='lat' dir='ltr'>vero</span> <span class='ocrx_word' id='word_1_110' title='bbox 1197 1937 1388 2046; x_wconf 81' lang='lat' dir='ltr'>princeps</span> <span class='ocrx_word' id='word_1_111' title='bbox 1419 1933 1646 2049; x_wconf 84' lang='lat' dir='ltr'>Eboracen·</span> <span class='ocrx_word' id='word_1_112' title='bbox 1680 1931 1689 1936; x_wconf 75' lang='grc'><strong>’</strong></span> 
     </span>
    </p>

    <p class='ocr_par' dir='ltr' id='par_1_13' title="bbox 163 2047 1644 2162">
     <span class='ocr_line' id='line_1_15' title="bbox 163 2047 1644 2162; baseline 0.001 -31"><span class='ocrx_word' id='word_1_113' title='bbox 163 2111 166 2120; x_wconf 89' lang='grc'>.</span> <span class='ocrx_word' id='word_1_114' title='bbox 313 2072 319 2086; x_wconf 87' lang='grc'><em>’</em></span> <span class='ocrx_word' id='word_1_115' title='bbox 339 2048 421 2131; x_wconf 85' lang='lat' dir='ltr'>sem</span> <span class='ocrx_word' id='word_1_116' title='bbox 439 2049 607 2132; x_wconf 85' lang='lat' dir='ltr'>Ducem</span> <span class='ocrx_word' id='word_1_117' title='bbox 622 2047 824 2134; x_wconf 67' lang='lat' dir='ltr'>maluisset</span> <span class='ocrx_word' id='word_1_118' title='bbox 840 2073 963 2162; x_wconf 89' lang='lat' dir='ltr'>atque</span> <span class='ocrx_word' id='word_1_119' title='bbox 978 2054 1073 2134; x_wconf 84' lang='lat' dir='ltr'>Dux</span> <span class='ocrx_word' id='word_1_120' title='bbox 1100 2047 1150 2132; x_wconf 87' lang='lat' dir='ltr'>de</span> <span class='ocrx_word' id='word_1_121' title='bbox 1169 2049 1389 2134; x_wconf 80' lang='lat' dir='ltr'>Newcastle</span> <span class='ocrx_word' id='word_1_122' title='bbox 1416 2049 1644 2160; x_wconf 78' lang='lat' dir='ltr'>ipsrtninus</span> 
     </span>
    </p>

    <p class='ocr_par' dir='ltr' id='par_1_14' title="bbox 186 2158 1645 2276">
     <span class='ocr_line' id='line_1_16' title="bbox 186 2158 1645 2276; baseline 0.001 -31"><span class='ocrx_word' id='word_1_123' title='bbox 186 2160 190 2169; x_wconf 67' lang='grc'><em>’</em></span> <span class='ocrx_word' id='word_1_124' title='bbox 339 2159 550 2274; x_wconf 83' lang='lat' dir='ltr'>placeret,</span> <span class='ocrx_word' id='word_1_125' title='bbox 595 2160 790 2274; x_wconf 85' lang='lat' dir='ltr'>idemque</span> <span class='ocrx_word' id='word_1_126' title='bbox 817 2165 889 2276; x_wconf 84' lang='lat' dir='ltr'>ipsr</span> <span class='ocrx_word' id='word_1_127' title='bbox 923 2159 1059 2248; x_wconf 87' lang='lat' dir='ltr'>verbis</span> <span class='ocrx_word' id='word_1_128' title='bbox 1096 2189 1239 2272; x_wconf 81' lang='lat' dir='ltr'>patum</span> <span class='ocrx_word' id='word_1_129' title='bbox 1269 2163 1453 2276; x_wconf 73' lang='lat' dir='ltr'>gratiosis</span> <span class='ocrx_word' id='word_1_130' title='bbox 1484 2158 1645 2274; x_wconf 77' lang='lat' dir='ltr'>&#39;fignifi-</span> 
     </span>
    </p>

    <p class='ocr_par' dir='ltr' id='par_1_15' title="bbox 343 2263 1647 2390">
     <span class='ocr_line' id='line_1_17' title="bbox 343 2263 1647 2390; baseline 0.002 -30"><span class='ocrx_word' id='word_1_131' title='bbox 343 2276 483 2373; x_wconf 79' lang='lat' dir='ltr'>caiiet,</span> <span class='ocrx_word' id='word_1_132' title='bbox 522 2278 595 2388; x_wconf 83' lang='lat' dir='ltr'>qui</span> <span class='ocrx_word' id='word_1_133' title='bbox 621 2275 745 2360; x_wconf 83' lang='lat' dir='ltr'>iliud·</span> <span class='ocrx_word' id='word_1_134' title='bbox 774 2279 879 2390; x_wconf 90' lang='lat' dir='ltr'>Regi</span> <span class='ocrx_word' id='word_1_135' title='bbox 920 2263 1155 2373; x_wconf 68' lang='lat' dir='ltr'>indicasset,</span> <span class='ocrx_word' id='word_1_136' title='bbox 1194 2273 1276 2360; x_wconf 91' lang='lat' dir='ltr'>hoc</span> <span class='ocrx_word' id='word_1_137' title='bbox 1300 2279 1366 2361; x_wconf 89' lang='lat' dir='ltr'>isti</span> <span class='ocrx_word' id='word_1_138' title='bbox 1397 2291 1491 2362; x_wconf 73' lang='lat' dir='ltr'>non¹</span> <span class='ocrx_word' id='word_1_139' title='bbox 1513 2276 1647 2362; x_wconf 86' lang='lat' dir='ltr'>solum</span> 
     </span>
    </p>

    <p class='ocr_par' dir='ltr' id='par_1_16' title="bbox 341 2385 1648 2502">
     <span class='ocr_line' id='line_1_18' title="bbox 341 2385 1648 2502; baseline 0 -26"><span class='ocrx_word' id='word_1_140' title='bbox 341 2389 599 2502; x_wconf 87' lang='lat' dir='ltr'>displicebat,</span> <span class='ocrx_word' id='word_1_141' title='bbox 636 2385 707 2475; x_wconf 83' lang='lat' dir='ltr'>&#39;sed</span> <span class='ocrx_word' id='word_1_142' title='bbox 738 2392 862 2475; x_wconf 86' lang='lat' dir='ltr'>etiam</span> <span class='ocrx_word' id='word_1_143' title='bbox 881 2389 1027 2476; x_wconf 86' lang='lat' dir='ltr'>habito</span> <span class='ocrx_word' id='word_1_144' title='bbox 1055 2389 1239 2475; x_wconf 82' lang='lat' dir='ltr'>concilio</span> <span class='ocrx_word' id='word_1_145' title='bbox 1260 2388 1496 2490; x_wconf 78' lang='lat' dir='ltr'>secretiori,</span> <span class='ocrx_word' id='word_1_146' title='bbox 1529 2391 1648 2478; x_wconf 82' lang='lat' dir='ltr'>Wal-</span> 
     </span>
    </p>

    <p class='ocr_par' dir='ltr' id='par_1_17' title="bbox 339 2503 1648 2620">
     <span class='ocr_line' id='line_1_19' title="bbox 339 2503 1648 2620; baseline 0.002 -30"><span class='ocrx_word' id='word_1_147' title='bbox 339 2507 417 2593; x_wconf 85' lang='lat' dir='ltr'>iite</span> <span class='ocrx_word' id='word_1_148' title='bbox 436 2505 616 2618; x_wconf 86' lang='lat' dir='ltr'>principi</span> <span class='ocrx_word' id='word_1_149' title='bbox 647 2531 720 2617; x_wconf 89' lang='lat' dir='ltr'>pet</span> <span class='ocrx_word' id='word_1_150' title='bbox 746 2507 1030 2592; x_wconf 81' lang='lat' dir='ltr'>camerarium</span> <span class='ocrx_word' id='word_1_151' title='bbox 1049 2503 1173 2610; x_wconf 82' lang='lat' dir='ltr'>Cook</span> <span class='ocrx_word' id='word_1_152' title='bbox 1190 2503 1374 2590; x_wconf 81' lang='lat' dir='ltr'>mandari</span> <span class='ocrx_word' id='word_1_153' title='bbox 1394 2507 1519 2620; x_wconf 85' lang='lat' dir='ltr'>fecit,</span> <span class='ocrx_word' id='word_1_154' title='bbox 1549 2530 1648 2594; x_wconf 84' lang='lat' dir='ltr'>nee</span> 
     </span>
    </p>

    <p class='ocr_par' dir='ltr' id='par_1_18' title="bbox 206 2613 1647 2734">
     <span class='ocr_line' id='line_1_20' title="bbox 206 2613 1647 2734; baseline -0.001 -28"><span class='ocrx_word' id='word_1_155' title='bbox 206 2657 216 2670; x_wconf 90' lang='lat'><strong>·</strong></span> <span class='ocrx_word' id='word_1_156' title='bbox 265 2659 269 2666; x_wconf 91' lang='lat'><strong>·</strong></span> <span class='ocrx_word' id='word_1_157' title='bbox 341 2613 668 2717; x_wconf 77' lang='lat' dir='ltr'>eoneiaue&#39;fu&#39;o,</span> <span class='ocrx_word' id='word_1_158' title='bbox 692 2630 826 2733; x_wconf 84' lang='lat' dir='ltr'>vs&#39;que</span> <span class='ocrx_word' id='word_1_159' title='bbox 847 2618 950 2704; x_wconf 86' lang='lat' dir='ltr'>dum</span> <span class='ocrx_word' id='word_1_160' title='bbox 971 2621 1057 2704; x_wconf 84' lang='lat' dir='ltr'>Rex</span> <span class='ocrx_word' id='word_1_161' title='bbox 1077 2615 1187 2702; x_wconf 77' lang='lat' dir='ltr'>aliud</span> <span class='ocrx_word' id='word_1_162' title='bbox 1204 2617 1447 2724; x_wconf 79' lang='lat' dir='ltr'>mandasset,¹</span> <span class='ocrx_word' id='word_1_163' title='bbox 1466 2617 1647 2734; x_wconf 90' lang='lat' dir='ltr'>egredia-</span> 
     </span>
    </p>

    <p class='ocr_par' dir='ltr' id='par_1_19' title="bbox 339 2731 1649 2848">
     <span class='ocr_line' id='line_1_21' title="bbox 339 2731 1649 2848; baseline -0.002 -28"><span class='ocrx_word' id='word_1_164' title='bbox 339 2759 430 2830; x_wconf 90' lang='lat' dir='ltr'>tur,</span> <span class='ocrx_word' id='word_1_165' title='bbox 445 2761 522 2818; x_wconf 90' lang='lat' dir='ltr'>nec</span> <span class='ocrx_word' id='word_1_166' title='bbox 540 2761 638 2818; x_wconf 89' lang='lat' dir='ltr'>cum</span> <span class='ocrx_word' id='word_1_167' title='bbox 653 2732 743 2820; x_wconf 81' lang='lat' dir='ltr'>aliis</span> <span class='ocrx_word' id='word_1_168' title='bbox 760 2745 884 2848; x_wconf 81' lang='lat' dir='ltr'>quam</span> <span class='ocrx_word' id='word_1_169' title='bbox 900 2731 1137 2836; x_wconf 79' lang='lat' dir='ltr'>domesticis</span> <span class='ocrx_word' id='word_1_170' title='bbox 1154 2731 1234 2817; x_wconf 80' lang='lat' dir='ltr'>suia</span> <span class='ocrx_word' id='word_1_171' title='bbox 1253 2737 1513 2820; x_wconf 85' lang='lat' dir='ltr'>conuersetur</span> <span class='ocrx_word' id='word_1_172' title='bbox 1530 2735 1649 2818; x_wconf 70' lang='lat' dir='ltr'>:ue-</span> 
     </span>
    </p>

    <p class='ocr_par' dir='ltr' id='par_1_20' title="bbox 121 2843 1692 3878">
     <span class='ocr_line' id='line_1_22' title="bbox 121 2843 1692 2962; baseline 0.004 -31"><span class='ocrx_word' id='word_1_173' title='bbox 121 2851 132 2884; x_wconf 92' lang='lat'>&#39;</span> <span class='ocrx_word' id='word_1_174' title='bbox 260 2911 264 2920; x_wconf 86' lang='lat'><em>.</em></span> <span class='ocrx_word' id='word_1_175' title='bbox 307 2843 563 2960; x_wconf 86' lang='lat' dir='ltr'>·spondebat</span> <span class='ocrx_word' id='word_1_176' title='bbox 597 2850 791 2962; x_wconf 83' lang='lat' dir='ltr'>princeps</span> <span class='ocrx_word' id='word_1_177' title='bbox 821 2846 930 2932; x_wconf 75' lang='lat' dir='ltr'>&#39;datis</span> <span class='ocrx_word' id='word_1_178' title='bbox 972 2846 1022 2930; x_wconf 84' lang='lat' dir='ltr'>ad</span> <span class='ocrx_word' id='word_1_179' title='bbox 1052 2849 1399 2960; x_wconf 75' lang='lat' dir='ltr'>‘Angustissimum</span> <span class='ocrx_word' id='word_1_180' title='bbox 1442 2849 1653 2958; x_wconf 70' lang='lat' dir='ltr'>parentini</span> <span class='ocrx_word' id='word_1_181' title='bbox 1690 2933 1692 2938; x_wconf 86' lang='lat'><em>.</em></span> 
     </span>
     <span class='ocr_line' id='line_1_23' title="bbox 341 2959 1650 3074; baseline 0.001 -27"><span class='ocrx_word' id='word_1_182' title='bbox 341 2963 514 3060; x_wconf 80' lang='lat' dir='ltr'>litteris,</span> <span class='ocrx_word' id='word_1_183' title='bbox 533 2961 669 3048; x_wconf 77' lang='lat' dir='ltr'>verbis</span> <span class='ocrx_word' id='word_1_184' title='bbox 697 2962 948 3073; x_wconf 80' lang='lat' dir='ltr'>obsequiofls</span> <span class='ocrx_word' id='word_1_185' title='bbox 975 2959 1294 3074; x_wconf 65' lang='lat' dir='ltr'>deprecemur,</span> <span class='ocrx_word' id='word_1_186' title='bbox 1322 2968 1400 3048; x_wconf 74' lang='lat' dir='ltr'>&#39;nec</span> <span class='ocrx_word' id='word_1_187' title='bbox 1426 2964 1650 3050; x_wconf 69' lang='lat' dir='ltr'>&#39;vindiiia&#39;m</span> 
     </span>
     <span class='ocr_line' id='line_1_24' title="bbox 338 3073 1649 3187; baseline -0.001 -23"><span class='ocrx_word' id='word_1_188' title='bbox 338 3081 386 3164; x_wconf 89' lang='lat' dir='ltr'>in</span> <span class='ocrx_word' id='word_1_189' title='bbox 416 3077 575 3162; x_wconf 72' lang='lat' dir='ltr'>dietum</span> <span class='ocrx_word' id='word_1_190' title='bbox 603 3079 836 3164; x_wconf 77' lang='lat' dir='ltr'>Ducemre</span> <span class='ocrx_word' id='word_1_191' title='bbox 861 3084 1054 3162; x_wconf 85' lang='lat' dir='ltr'>exercere·</span> <span class='ocrx_word' id='word_1_192' title='bbox 1070 3076 1177 3161; x_wconf 79' lang='lat' dir='ltr'>v&#39;elle&#39;</span> <span class='ocrx_word' id='word_1_193' title='bbox 1200 3073 1490 3187; x_wconf 80' lang='lat' dir='ltr'>promittebat,</span> <span class='ocrx_word' id='word_1_194' title='bbox 1522 3077 1649 3163; x_wconf 82' lang='lat' dir='ltr'>riihil·</span> 
     </span>
     <span class='ocr_line' id='line_1_25' title="bbox 344 3187 1649 3306; baseline -0.002 -28"><span class='ocrx_word' id='word_1_195' title='bbox 344 3195 544 3290; x_wconf 70' lang='lat' dir='ltr'>ominuS,</span> <span class='ocrx_word' id='word_1_196' title='bbox 575 3191 685 3296; x_wconf 40' lang='lat' dir='ltr'>dum,</span> <span class='ocrx_word' id='word_1_197' title='bbox 710 3193 787 3277; x_wconf 89' lang='lat' dir='ltr'>alia</span> <span class='ocrx_word' id='word_1_198' title='bbox 815 3192 939 3277; x_wconf 87' lang='lat' dir='ltr'>etiam</span> <span class='ocrx_word' id='word_1_199' title='bbox 963 3187 1223 3288; x_wconf 85' lang='lat' dir='ltr'>accederent,</span> <span class='ocrx_word' id='word_1_200' title='bbox 1255 3193 1300 3277; x_wconf 90' lang='lat' dir='ltr'>in</span> <span class='ocrx_word' id='word_1_201' title='bbox 1321 3195 1491 3306; x_wconf 82' lang='lat' dir='ltr'>gratiam</span> <span class='ocrx_word' id='word_1_202' title='bbox 1521 3193 1649 3306; x_wconf 83' lang='lat' dir='ltr'>Regis</span> 
     </span>
     <span class='ocr_line' id='line_1_26' title="bbox 338 3303 1646 3418; baseline -0.005 -26"><span class='ocrx_word' id='word_1_203' title='bbox 338 3305 475 3394; x_wconf 89' lang='lat' dir='ltr'>redite</span> <span class='ocrx_word' id='word_1_204' title='bbox 495 3305 682 3415; x_wconf 78' lang='lat' dir='ltr'>nondum</span> <span class='ocrx_word' id='word_1_205' title='bbox 711 3313 892 3418; x_wconf 74' lang='lat' dir='ltr'>poterat,</span> <span class='ocrx_word' id='word_1_206' title='bbox 917 3307 1084 3418; x_wconf 83' lang='lat' dir='ltr'>qui&#39;ipfi</span> <span class='ocrx_word' id='word_1_207' title='bbox 1100 3306 1245 3416; x_wconf 85' lang='lat' dir='ltr'>potius</span> <span class='ocrx_word' id='word_1_208' title='bbox 1269 3303 1496 3406; x_wconf 86' lang='lat' dir='ltr'>mandabat,</span> <span class='ocrx_word' id='word_1_209' title='bbox 1515 3329 1561 3390; x_wconf 89' lang='lat' dir='ltr'>vt</span> <span class='ocrx_word' id='word_1_210' title='bbox 1577 3333 1646 3414; x_wconf 86' lang='lat' dir='ltr'>pa-</span> 
     </span>
     <span class='ocr_line' id='line_1_27' title="bbox 341 3410 1647 3534; baseline -0.006 -26"><span class='ocrx_word' id='word_1_211' title='bbox 341 3410 489 3508; x_wconf 68' lang='lat' dir='ltr'>latium</span> <span class='ocrx_word' id='word_1_212' title='bbox 519 3425 558 3506; x_wconf 89' lang='lat' dir='ltr'>S.</span> <span class='ocrx_word' id='word_1_213' title='bbox 583 3424 737 3517; x_wconf 89' lang='lat' dir='ltr'>lames,</span> <span class='ocrx_word' id='word_1_214' title='bbox 769 3418 881 3532; x_wconf 85' lang='lat' dir='ltr'>quod</span> <span class='ocrx_word' id='word_1_215' title='bbox 902 3417 1184 3518; x_wconf 79' lang='lat' dir='ltr'>inhabitabat,</span> <span class='ocrx_word' id='word_1_216' title='bbox 1217 3421 1486 3532; x_wconf 87' lang='lat' dir='ltr'>relinqueret,</span> <span class='ocrx_word' id='word_1_217' title='bbox 1512 3417 1647 3534; x_wconf 84' lang='lat' dir='ltr'>itata·</span> 
     </span>
     <span class='ocr_line' id='line_1_28' title="bbox 342 3533 1648 3648; baseline -0.005 -26"><span class='ocrx_word' id='word_1_218' title='bbox 342 3565 440 3622; x_wconf 88' lang='lat' dir='ltr'>men</span> <span class='ocrx_word' id='word_1_219' title='bbox 475 3557 523 3620; x_wconf 82' lang='lat' dir='ltr'>vt</span> <span class='ocrx_word' id='word_1_220' title='bbox 549 3536 674 3647; x_wconf 76' lang='lat' dir='ltr'>ipsius</span> <span class='ocrx_word' id='word_1_221' title='bbox 711 3537 995 3621; x_wconf 73' lang='lat' dir='ltr'>serenissimae</span> <span class='ocrx_word' id='word_1_222' title='bbox 1013 3534 1205 3648; x_wconf 85' lang='lat' dir='ltr'>&#39;cbniugi</span> <span class='ocrx_word' id='word_1_223' title='bbox 1232 3537 1290 3618; x_wconf 89' lang='lat' dir='ltr'>in-</span> <span class='ocrx_word' id='word_1_224' title='bbox 1304 3533 1451 3618; x_wconf 88' lang='lat' dir='ltr'>eodem</span> <span class='ocrx_word' id='word_1_225' title='bbox 1482 3557 1648 3617; x_wconf 84' lang='lat' dir='ltr'>manen-</span> 
     </span>
     <span class='ocr_line' id='line_1_29' title="bbox 342 3641 1650 3764; baseline -0.002 -29"><span class='ocrx_word' id='word_1_226' title='bbox 342 3649 385 3736; x_wconf 90' lang='lat' dir='ltr'>di</span> <span class='ocrx_word' id='word_1_227' title='bbox 407 3645 587 3734; x_wconf 88' lang='lat' dir='ltr'>liberum</span> <span class='ocrx_word' id='word_1_228' title='bbox 612 3650 735 3748; x_wconf 81' lang='lat' dir='ltr'>effer,</span> <span class='ocrx_word' id='word_1_229' title='bbox 769 3650 956 3738; x_wconf 78' lang='lat' dir='ltr'>iuniores</span> <span class='ocrx_word' id='word_1_230' title='bbox 978 3651 1185 3764; x_wconf 80' lang='lat' dir='ltr'>principes</span> <span class='ocrx_word' id='word_1_231' title='bbox 1206 3673 1304 3732; x_wconf 89' lang='lat' dir='ltr'>vero</span> <span class='ocrx_word' id='word_1_232' title='bbox 1321 3647 1423 3756; x_wconf 83' lang='lat' dir='ltr'>Regi</span> <span class='ocrx_word' id='word_1_233' title='bbox 1445 3641 1650 3760; x_wconf 68' lang='lat' dir='ltr'>relinque</span> 
     </span>
     <span class='ocr_line' id='line_1_30' title="bbox 343 3753 1648 3878; baseline 0 -31"><span class='ocrx_word' id='word_1_234' title='bbox 343 3786 501 3855; x_wconf 81' lang='lat' dir='ltr'>rentur.</span> <span class='ocrx_word' id='word_1_235' title='bbox 578 3759 760 3848; x_wconf 80' lang='lat' dir='ltr'>Patebat</span> <span class='ocrx_word' id='word_1_236' title='bbox 775 3763 973 3878; x_wconf 83' lang='lat' dir='ltr'>Princeps</span> <span class='ocrx_word' id='word_1_237' title='bbox 996 3788 1038 3849; x_wconf 90' lang='lat' dir='ltr'>et</span> <span class='ocrx_word' id='word_1_238' title='bbox 1060 3765 1259 3848; x_wconf 79' lang='lat' dir='ltr'>Palatium</span> <span class='ocrx_word' id='word_1_239' title='bbox 1283 3753 1561 3864; x_wconf 86' lang='lat' dir='ltr'>Grandhami‚</span> <span class='ocrx_word' id='word_1_240' title='bbox 1584 3764 1648 3847; x_wconf 89' lang='lat' dir='ltr'>in·</span> 
     </span>
    </p>

    <p class='ocr_par' dir='ltr' id='par_1_21' title="bbox 183 3875 1740 4263">
     <span class='ocr_line' id='line_1_31' title="bbox 183 3875 1740 3991; baseline -0.002 -27"><span class='ocrx_word' id='word_1_241' title='bbox 183 3968 185 3979; x_wconf 71' lang='grc'>,</span> <span class='ocrx_word' id='word_1_242' title='bbox 341 3876 396 3964; x_wconf 82' lang='lat' dir='ltr'>rie</span> <span class='ocrx_word' id='word_1_243' title='bbox 440 3877 679 3965; x_wconf 86' lang='lat' dir='ltr'>Leicestriae</span> <span class='ocrx_word' id='word_1_244' title='bbox 719 3879 936 3981; x_wconf 82' lang='lat' dir='ltr'>comitis,</span> <span class='ocrx_word' id='word_1_245' title='bbox 982 3875 1298 3991; x_wconf 82' lang='lat' dir='ltr'>ingrediebatur.</span> <span class='ocrx_word' id='word_1_246' title='bbox 1397 3877 1481 3968; x_wconf 87' lang='lat' dir='ltr'>Rex</span> <span class='ocrx_word' id='word_1_247' title='bbox 1528 3876 1651 3962; x_wconf 86' lang='lat' dir='ltr'>ctiam</span> <span class='ocrx_word' id='word_1_248' title='bbox 1738 3981 1740 3984; x_wconf 16' lang='grc' dir='ltr'>Ι</span> 
     </span>
     <span class='ocr_line' id='line_1_32' title="bbox 798 3986 1651 4079; baseline 0.002 -65"><span class='ocrx_word' id='word_1_249' title='bbox 798 4006 802 4014; x_wconf 85' lang='grc'><strong><em>,</em></strong></span> <span class='ocrx_word' id='word_1_250' title='bbox 938 4039 944 4051; x_wconf 59' lang='grc' dir='ltr'>Ι</span> <span class='ocrx_word' id='word_1_251' title='bbox 1257 3986 1263 4016; x_wconf 74' lang='lat' dir='ltr'>i</span> <span class='ocrx_word' id='word_1_252' title='bbox 1605 4011 1651 4079; x_wconf 75' lang='lat' dir='ltr'>vt</span> 
     </span>
     <span class='ocr_line' id='line_1_33' title="bbox 396 4149 1106 4263; baseline 0.001 -37"><span class='ocrx_word' id='word_1_253' title='bbox 396 4153 452 4250; x_wconf 74' lang='lat' dir='ltr'>(t)</span> <span class='ocrx_word' id='word_1_254' title='bbox 478 4151 585 4260; x_wconf 67' lang='lat' dir='ltr'>matr</span> <span class='ocrx_word' id='word_1_255' title='bbox 598 4157 684 4226; x_wconf 67' lang='lat' dir='ltr'>reru</span> <span class='ocrx_word' id='word_1_256' title='bbox 692 4149 780 4261; x_wconf 69' lang='lat' dir='ltr'>pat</span> <span class='ocrx_word' id='word_1_257' title='bbox 803 4157 892 4230; x_wconf 77' lang='lat' dir='ltr'>rom.</span> <span class='ocrx_word' id='word_1_258' title='bbox 911 4157 1026 4263; x_wconf 77' lang='lat' dir='ltr'>rrrp.</span> <span class='ocrx_word' id='word_1_259' title='bbox 1042 4170 1106 4263; x_wconf 57' lang='lat' dir='ltr'>tre</span> 
     </span>
    </p>
   </div>
   <div class='ocr_carea' id='block_1_5' title="bbox 943 4397 1215 4475">
    <p class='ocr_par' dir='ltr' id='par_1_22' title="bbox 943 4397 1215 4475">
     <span class='ocr_line' id='line_1_34' title="bbox 943 4397 1215 4475; baseline -0.004 -70"><span class='ocrx_word' id='word_1_260' title='bbox 943 4397 1215 4475; x_wconf 47' lang='lat' dir='ltr'>.l,</span> 
     </span>
    </p>
   </div>
   <div class='ocr_carea' id='block_1_6' title="bbox 0 0 1885 4734">
    <p class='ocr_par' dir='ltr' id='par_1_23' title="bbox 0 0 1885 4734">
     <span class='ocr_line' id='line_1_35' title="bbox 0 0 1885 4734; baseline 0 0"><span class='ocrx_word' id='word_1_261' title='bbox 0 0 1885 4734; x_wconf 95' lang='lat' dir='ltr'> </span> 
     </span>
    </p>
   </div>
  </div>
 </body>
</html>
