<?xml version="1.0" encoding="UTF-8"?>
<!DOCTYPE html PUBLIC "-//W3C//DTD XHTML 1.0 Transitional//EN"
    "http://www.w3.org/TR/xhtml1/DTD/xhtml1-transitional.dtd">
<html xmlns="http://www.w3.org/1999/xhtml" xml:lang="en" lang="en">
 <head>
  <title>
</title>
<meta http-equiv="Content-Type" content="text/html;charset=utf-8" />
  <meta name='ocr-system' content='tesseract 3.04.00' />
  <meta name='ocr-capabilities' content='ocr_page ocr_carea ocr_par ocr_line ocrx_word'/>
</head>
<body>
  <div class='ocr_page' id='page_1' title='image "./dbvrcardgotthel01hoffgoog_0314.png"; bbox 0 0 3734 4734; ppageno 0'>
   <div class='ocr_carea' id='block_1_1' title="bbox 314 206 1170 369">
    <p class='ocr_par' dir='ltr' id='par_1_1' title="bbox 314 206 1170 369">
     <span class='ocr_line' id='line_1_1' title="bbox 314 206 1170 369; baseline -0.006 -44"><span class='ocrx_word' id='word_1_1' title='bbox 314 268 400 369; x_wconf 52' lang='lat'><em>‚26⁸</em></span> <span class='ocrx_word' id='word_1_2' title='bbox 424 220 452 265; x_wconf 81' lang='grc'><em>“·</em></span> <span class='ocrx_word' id='word_1_3' title='bbox 847 206 1095 353; x_wconf 64' lang='lat' dir='ltr'><em>capitum</em></span> <span class='ocrx_word' id='word_1_4' title='bbox 1164 324 1170 337; x_wconf 71' lang='grc'><strong>,</strong></span> 
     </span>
    </p>
   </div>
   <div class='ocr_carea' id='block_1_2' title="bbox 210 410 1768 2373">
    <p class='ocr_par' dir='ltr' id='par_1_2' title="bbox 210 410 1768 2373">
     <span class='ocr_line' id='line_1_2' title="bbox 240 410 1637 539; baseline -0.009 -24"><span class='ocrx_word' id='word_1_5' title='bbox 240 514 244 524; x_wconf 78' lang='grc'><strong>,</strong></span> <span class='ocrx_word' id='word_1_6' title='bbox 331 425 459 515; x_wconf 78' lang='lat' dir='ltr'><em>brielit</em></span> <span class='ocrx_word' id='word_1_7' title='bbox 478 422 656 529; x_wconf 64' lang='lat' dir='ltr'><em>istrata,</em></span> <span class='ocrx_word' id='word_1_8' title='bbox 676 443 784 539; x_wconf 75' lang='lat' dir='ltr'><em>quom</em></span> <span class='ocrx_word' id='word_1_9' title='bbox 798 410 845 501; x_wconf 78' lang='lat' dir='ltr'><em>ab</em></span> <span class='ocrx_word' id='word_1_10' title='bbox 859 439 973 503; x_wconf 81' lang='lat' dir='ltr'><em>onore</em></span> <span class='ocrx_word' id='word_1_11' title='bbox 989 414 1217 535; x_wconf 82' lang='lat' dir='ltr'><em>iampridem</em></span> <span class='ocrx_word' id='word_1_12' title='bbox 1232 411 1395 503; x_wconf 80' lang='lat' dir='ltr'><em>diuortio.</em></span> <span class='ocrx_word' id='word_1_13' title='bbox 1409 416 1511 519; x_wconf 71' lang='lat' dir='ltr'><em>fiodo</em></span> <span class='ocrx_word' id='word_1_14' title='bbox 1539 418 1637 524; x_wconf 83' lang='lat' dir='ltr'><em>affli-</em></span> 
     </span>
     <span class='ocr_line' id='line_1_3' title="bbox 331 528 1636 657; baseline -0.008 -28"><span class='ocrx_word' id='word_1_15' title='bbox 331 544 419 631; x_wconf 82' lang='lat' dir='ltr'><em>liim</em></span> <span class='ocrx_word' id='word_1_16' title='bbox 438 532 645 657; x_wconf 80' lang='lat' dir='ltr'><em>deperibat,</em></span> <span class='ocrx_word' id='word_1_17' title='bbox 659 562 738 619; x_wconf 86' lang='lat' dir='ltr'><em>tam</em></span> <span class='ocrx_word' id='word_1_18' title='bbox 755 528 973 648; x_wconf 77' lang='lat' dir='ltr'><em>captabant,</em></span> <span class='ocrx_word' id='word_1_19' title='bbox 995 538 1061 649; x_wconf 90' lang='lat' dir='ltr'><em>qui</em></span> <span class='ocrx_word' id='word_1_20' title='bbox 1082 534 1121 615; x_wconf 91' lang='lat' dir='ltr'><em>in</em></span> <span class='ocrx_word' id='word_1_21' title='bbox 1136 538 1235 651; x_wconf 79' lang='lat' dir='ltr'><em>regis</em></span> <span class='ocrx_word' id='word_1_22' title='bbox 1245 540 1419 647; x_wconf 73' lang='lat' dir='ltr'><em>gratiam</em></span> <span class='ocrx_word' id='word_1_23' title='bbox 1421 536 1468 640; x_wconf 87' lang='lat' dir='ltr'><em>se</em></span> <span class='ocrx_word' id='word_1_24' title='bbox 1483 536 1636 638; x_wconf 81' lang='lat' dir='ltr'><em>insonue-</em></span> 
     </span>
     <span class='ocr_line' id='line_1_4' title="bbox 210 644 1637 763; baseline -0.008 -21"><span class='ocrx_word' id='word_1_25' title='bbox 210 652 214 663; x_wconf 82' lang='grc'><em>’</em></span> <span class='ocrx_word' id='word_1_26' title='bbox 330 654 429 741; x_wconf 83' lang='lat' dir='ltr'><em>lant.</em></span> <span class='ocrx_word' id='word_1_27' title='bbox 480 647 697 737; x_wconf 73' lang='lat' dir='ltr'><em>dseluanius</em></span> <span class='ocrx_word' id='word_1_28' title='bbox 711 676 789 731; x_wconf 88' lang='lat' dir='ltr'><em>cmn</em></span> <span class='ocrx_word' id='word_1_29' title='bbox 820 644 1020 763; x_wconf 81' lang='lat' dir='ltr'><em>desperatos</em></span> <span class='ocrx_word' id='word_1_30' title='bbox 1035 646 1124 754; x_wconf 90' lang='lat' dir='ltr'><em>suot</em></span> <span class='ocrx_word' id='word_1_31' title='bbox 1148 674 1225 731; x_wconf 88' lang='lat' dir='ltr'><em>eum</em></span> <span class='ocrx_word' id='word_1_32' title='bbox 1243 650 1425 763; x_wconf 85' lang='lat' dir='ltr'><em>Hispanis</em></span> <span class='ocrx_word' id='word_1_33' title='bbox 1447 656 1508 747; x_wconf 67' lang='lat' dir='ltr'><em>retv</em></span> <span class='ocrx_word' id='word_1_34' title='bbox 1538 645 1637 749; x_wconf 71' lang='lat' dir='ltr'><em>vidt7</em></span> 
     </span>
     <span class='ocr_line' id='line_1_5' title="bbox 266 758 1640 879; baseline -0.01 -22"><span class='ocrx_word' id='word_1_35' title='bbox 266 804 271 814; x_wconf 70' lang='lat'><strong><em>¹</em></strong></span> <span class='ocrx_word' id='word_1_36' title='bbox 331 796 392 857; x_wconf 86' lang='lat' dir='ltr'><em>ret</em></span> <span class='ocrx_word' id='word_1_37' title='bbox 412 790 479 869; x_wconf 81' lang='lat' dir='ltr'><em>per</em></span> <span class='ocrx_word' id='word_1_38' title='bbox 497 772 645 851; x_wconf 88' lang='lat' dir='ltr'><em>Petrum</em></span> <span class='ocrx_word' id='word_1_39' title='bbox 672 768 835 849; x_wconf 83' lang='lat' dir='ltr'><em>larinum</em></span> <span class='ocrx_word' id='word_1_40' title='bbox 858 790 935 845; x_wconf 90' lang='lat' dir='ltr'><em>cum</em></span> <span class='ocrx_word' id='word_1_41' title='bbox 956 789 1000 843; x_wconf 92' lang='lat' dir='ltr'><em>ea</em></span> <span class='ocrx_word' id='word_1_42' title='bbox 1021 782 1169 879; x_wconf 81' lang='lat' dir='ltr'><em>egerat,</em></span> <span class='ocrx_word' id='word_1_43' title='bbox 1198 758 1327 865; x_wconf 80' lang='lat' dir='ltr'><em>corsua</em></span> <span class='ocrx_word' id='word_1_44' title='bbox 1354 788 1434 843; x_wconf 88' lang='lat' dir='ltr'><em>cum</em></span> <span class='ocrx_word' id='word_1_45' title='bbox 1456 766 1554 879; x_wconf 74' lang='lat' dir='ltr'><em>Rege</em></span> <span class='ocrx_word' id='word_1_46' title='bbox 1578 788 1640 846; x_wconf 86' lang='lat' dir='ltr'><em>re·</em></span> 
     </span>
     <span class='ocr_line' id='line_1_6' title="bbox 250 870 1640 995; baseline -0.009 -25"><span class='ocrx_word' id='word_1_47' title='bbox 250 972 259 981; x_wconf 77' lang='grc'>,</span> <span class='ocrx_word' id='word_1_48' title='bbox 331 880 594 971; x_wconf 80' lang='lat' dir='ltr'><em>conciliationis</em></span> <span class='ocrx_word' id='word_1_49' title='bbox 610 881 774 995; x_wconf 86' lang='lat' dir='ltr'><em>porario</em></span> <span class='ocrx_word' id='word_1_50' title='bbox 798 876 861 985; x_wconf 73' lang='lat' dir='ltr'><em>effe</em></span> <span class='ocrx_word' id='word_1_51' title='bbox 884 874 1010 980; x_wconf 86' lang='lat' dir='ltr'><em>oellet,</em></span> <span class='ocrx_word' id='word_1_52' title='bbox 1030 898 1067 958; x_wconf 91' lang='lat' dir='ltr'><em>et</em></span> <span class='ocrx_word' id='word_1_53' title='bbox 1077 870 1262 977; x_wconf 85' lang='lat' dir='ltr'><em>fitllionis</em></span> <span class='ocrx_word' id='word_1_54' title='bbox 1298 870 1523 977; x_wconf 79' lang='lat' dir='ltr'><em>Catholicae,</em></span> <span class='ocrx_word' id='word_1_55' title='bbox 1553 870 1640 959; x_wconf 81' lang='lat' dir='ltr'><em>laec</em></span> 
     </span>
     <span class='ocr_line' id='line_1_7' title="bbox 328 982 1639 1110; baseline -0.006 -27"><span class='ocrx_word' id='word_1_56' title='bbox 328 1022 413 1084; x_wconf 89' lang='lat' dir='ltr'><em>tune</em></span> <span class='ocrx_word' id='word_1_57' title='bbox 425 1000 568 1079; x_wconf 89' lang='lat' dir='ltr'><em>nomina</em></span> <span class='ocrx_word' id='word_1_58' title='bbox 586 1020 697 1110; x_wconf 82' lang='lat' dir='ltr'><em>regno</em></span> <span class='ocrx_word' id='word_1_59' title='bbox 710 985 985 1104; x_wconf 75' lang='lat' dir='ltr'><em>partibussctffo</em></span> <span class='ocrx_word' id='word_1_60' title='bbox 1000 982 1186 1106; x_wconf 65' lang='lat' dir='ltr'><em>vigebunt,</em></span> <span class='ocrx_word' id='word_1_61' title='bbox 1202 1010 1239 1071; x_wconf 89' lang='lat' dir='ltr'><em>et</em></span> <span class='ocrx_word' id='word_1_62' title='bbox 1254 984 1514 1073; x_wconf 85' lang='lat' dir='ltr'><em>Catholicorunt</em></span> <span class='ocrx_word' id='word_1_63' title='bbox 1529 986 1639 1075; x_wconf 79' lang='lat' dir='ltr'><em>Prin-</em></span> 
     </span>
     <span class='ocr_line' id='line_1_8' title="bbox 259 1096 1768 1227; baseline -0.007 -30"><span class='ocrx_word' id='word_1_64' title='bbox 259 1201 261 1208; x_wconf 57' lang='lat'><em>,</em></span> <span class='ocrx_word' id='word_1_65' title='bbox 328 1117 445 1227; x_wconf 82' lang='lat' dir='ltr'><em>cipum</em></span> <span class='ocrx_word' id='word_1_66' title='bbox 468 1111 715 1193; x_wconf 81' lang='lat' dir='ltr'><em>Patrocinium</em></span> <span class='ocrx_word' id='word_1_67' title='bbox 723 1102 947 1219; x_wconf 80' lang='lat' dir='ltr'><em>susm&#39;perett</em></span> <span class='ocrx_word' id='word_1_68' title='bbox 964 1102 1020 1204; x_wconf 85' lang='lat' dir='ltr'><em>stc</em></span> <span class='ocrx_word' id='word_1_69' title='bbox 1041 1106 1134 1185; x_wconf 89' lang='lat' dir='ltr'><em>enim</em></span> <span class='ocrx_word' id='word_1_70' title='bbox 1143 1102 1250 1205; x_wconf 90' lang='lat' dir='ltr'><em>fore,</em></span> <span class='ocrx_word' id='word_1_71' title='bbox 1264 1096 1426 1185; x_wconf 82' lang='lat' dir='ltr'><em>vibonae</em></span> <span class='ocrx_word' id='word_1_72' title='bbox 1440 1104 1566 1206; x_wconf 73' lang='lat' dir='ltr'><em>causae</em></span> <span class='ocrx_word' id='word_1_73' title='bbox 1579 1098 1638 1188; x_wconf 87' lang='lat' dir='ltr'><em>tle·</em></span> <span class='ocrx_word' id='word_1_74' title='bbox 1754 1144 1768 1151; x_wconf 93' lang='lat'>·</span> 
     </span>
     <span class='ocr_line' id='line_1_9' title="bbox 318 1212 1681 1335; baseline -0.009 -27"><span class='ocrx_word' id='word_1_75' title='bbox 318 1226 483 1331; x_wconf 80' lang='lat' dir='ltr'><em>sensiont</em></span> <span class='ocrx_word' id='word_1_76' title='bbox 497 1216 753 1335; x_wconf 74' lang='lat' dir='ltr'><em>[eligentium</em></span> <span class='ocrx_word' id='word_1_77' title='bbox 777 1214 875 1332; x_wconf 84' lang='lat' dir='ltr'><em>apud</em></span> <span class='ocrx_word' id='word_1_78' title='bbox 896 1214 1103 1321; x_wconf 86' lang='lat' dir='ltr'><em>Pontificem</em></span> <span class='ocrx_word' id='word_1_79' title='bbox 1124 1237 1161 1296; x_wconf 90' lang='lat' dir='ltr'><em>ec</em></span> <span class='ocrx_word' id='word_1_80' title='bbox 1181 1214 1324 1299; x_wconf 90' lang='lat' dir='ltr'><em>Galliae</em></span> <span class='ocrx_word' id='word_1_81' title='bbox 1350 1212 1492 1299; x_wconf 85' lang='lat' dir='ltr'><em>ordiner</em></span> <span class='ocrx_word' id='word_1_82' title='bbox 1524 1239 1637 1330; x_wconf 89' lang='lat' dir='ltr'><em>paret·</em></span> <span class='ocrx_word' id='word_1_83' title='bbox 1678 1237 1681 1246; x_wconf 68' lang='lat'><strong><em>¹</em></strong></span> 
     </span>
     <span class='ocr_line' id='line_1_10' title="bbox 329 1322 1637 1447; baseline -0.011 -22"><span class='ocrx_word' id='word_1_84' title='bbox 329 1362 388 1426; x_wconf 90' lang='lat' dir='ltr'><em>ret</em></span> <span class='ocrx_word' id='word_1_85' title='bbox 408 1358 445 1423; x_wconf 90' lang='lat' dir='ltr'><em>et</em></span> <span class='ocrx_word' id='word_1_86' title='bbox 464 1331 653 1422; x_wconf 86' lang='lat' dir='ltr'><em>catholtcos</em></span> <span class='ocrx_word' id='word_1_87' title='bbox 676 1329 856 1447; x_wconf 82' lang='lat' dir='ltr'><em>peculiari</em></span> <span class='ocrx_word' id='word_1_88' title='bbox 877 1322 1043 1434; x_wconf 72' lang='lat' dir='ltr'><em>beneficio</em></span> <span class='ocrx_word' id='word_1_89' title='bbox 1072 1324 1252 1432; x_wconf 74' lang='lat' dir='ltr'><em>obslritios</em></span> <span class='ocrx_word' id='word_1_90' title='bbox 1273 1323 1432 1413; x_wconf 84' lang='lat' dir='ltr'><em>haberet.</em></span> <span class='ocrx_word' id='word_1_91' title='bbox 1487 1330 1562 1445; x_wconf 78' lang='lat' dir='ltr'><em>Ipse</em></span> <span class='ocrx_word' id='word_1_92' title='bbox 1583 1328 1637 1413; x_wconf 86' lang='lat' dir='ltr'><em>vl·</em></span> 
     </span>
     <span class='ocr_line' id='line_1_11' title="bbox 321 1437 1721 1569; baseline -0.009 -33"><span class='ocrx_word' id='word_1_93' title='bbox 321 1477 387 1539; x_wconf 86' lang='lat' dir='ltr'><em>tro</em></span> <span class='ocrx_word' id='word_1_94' title='bbox 403 1474 549 1569; x_wconf 83' lang='lat' dir='ltr'><em>operam</em></span> <span class='ocrx_word' id='word_1_95' title='bbox 567 1446 688 1549; x_wconf 77' lang='lat' dir='ltr'><em>sunm,</em></span> <span class='ocrx_word' id='word_1_96' title='bbox 709 1468 748 1527; x_wconf 91' lang='lat' dir='ltr'><em>er</em></span> <span class='ocrx_word' id='word_1_97' title='bbox 757 1441 874 1549; x_wconf 79' lang='lat' dir='ltr'><em>fidem</em></span> <span class='ocrx_word' id='word_1_98' title='bbox 890 1437 1098 1548; x_wconf 84' lang='lat' dir='ltr'><em>ambitiosae</em></span> <span class='ocrx_word' id='word_1_99' title='bbox 1099 1443 1288 1546; x_wconf 89' lang='lat' dir='ltr'><em>foeminae</em></span> <span class='ocrx_word' id='word_1_100' title='bbox 1314 1439 1528 1557; x_wconf 84' lang='lat' dir='ltr'><em>derult&#39;r,pro</em></span> <span class='ocrx_word' id='word_1_101' title='bbox 1549 1442 1638 1527; x_wconf 79' lang='lat' dir='ltr'><em>aliis</em></span> <span class='ocrx_word' id='word_1_102' title='bbox 1661 1494 1669 1547; x_wconf 85' lang='lat'><em>.·</em></span> <span class='ocrx_word' id='word_1_103' title='bbox 1716 1484 1721 1489; x_wconf 97' lang='lat'>·</span> 
     </span>
     <span class='ocr_line' id='line_1_12' title="bbox 324 1552 1667 1675; baseline -0.011 -21"><span class='ocrx_word' id='word_1_104' title='bbox 324 1562 516 1675; x_wconf 79' lang='lat' dir='ltr'><em>[eoadem</em></span> <span class='ocrx_word' id='word_1_105' title='bbox 537 1558 743 1664; x_wconf 79' lang='lat' dir='ltr'><em>constituit,</em></span> <span class='ocrx_word' id='word_1_106' title='bbox 764 1556 806 1663; x_wconf 86' lang='lat' dir='ltr'><em>fi</em></span> <span class='ocrx_word' id='word_1_107' title='bbox 830 1562 914 1641; x_wconf 83' lang='lat' dir='ltr'><em>Rex</em></span> <span class='ocrx_word' id='word_1_108' title='bbox 942 1552 1094 1661; x_wconf 87' lang='lat' dir='ltr'><em>liberor,</em></span> <span class='ocrx_word' id='word_1_109' title='bbox 1114 1581 1201 1672; x_wconf 81' lang='lat' dir='ltr'><em>quot</em></span> <span class='ocrx_word' id='word_1_110' title='bbox 1228 1582 1277 1638; x_wconf 84' lang='lat' dir='ltr'><em>tx</em></span> <span class='ocrx_word' id='word_1_111' title='bbox 1304 1556 1383 1671; x_wconf 72' lang='lat' dir='ltr'><em>ipfie</em></span> <span class='ocrx_word' id='word_1_112' title='bbox 1399 1556 1635 1663; x_wconf 70' lang='lat' dir='ltr'><em>fitsceperat,</em></span> <span class='ocrx_word' id='word_1_113' title='bbox 1663 1564 1667 1569; x_wconf 82' lang='grc'>’</span> 
     </span>
     <span class='ocr_line' id='line_1_13' title="bbox 326 1658 1634 1785; baseline -0.012 -16"><span class='ocrx_word' id='word_1_114' title='bbox 326 1678 380 1769; x_wconf 83' lang='lat' dir='ltr'><em>ad</em></span> <span class='ocrx_word' id='word_1_115' title='bbox 396 1667 440 1765; x_wconf 67' lang='lat' dir='ltr'><em>ri</em></span> <span class='ocrx_word' id='word_1_116' title='bbox 463 1686 504 1763; x_wconf 89' lang='lat' dir='ltr'><em>ni</em></span> <span class='ocrx_word' id='word_1_117' title='bbox 510 1672 757 1785; x_wconf 66' lang='lat' dir='ltr'><em>sucteossonem</em></span> <span class='ocrx_word' id='word_1_118' title='bbox 771 1671 976 1774; x_wconf 60' lang='lat' dir='ltr'><em>vermense</em></span> <span class='ocrx_word' id='word_1_119' title='bbox 991 1700 1049 1753; x_wconf 88' lang='lat' dir='ltr'><em>eos</em></span> <span class='ocrx_word' id='word_1_120' title='bbox 1062 1666 1229 1775; x_wconf 85' lang='lat' dir='ltr'><em>aduersus</em></span> <span class='ocrx_word' id='word_1_121' title='bbox 1244 1698 1360 1753; x_wconf 86' lang='lat' dir='ltr'><em>ontttes</em></span> <span class='ocrx_word' id='word_1_122' title='bbox 1372 1658 1634 1784; x_wconf 83' lang='lat' dir='ltr'><em>protellutnm&#39;,</em></span> 
     </span>
     <span class='ocr_line' id='line_1_14' title="bbox 327 1708 1633 1917; baseline -0.012 -36"><span class='ocrx_word' id='word_1_123' title='bbox 327 1820 368 1881; x_wconf 87' lang='lat' dir='ltr'><em>et</em></span> <span class='ocrx_word' id='word_1_124' title='bbox 383 1708 513 1881; x_wconf 70' lang='lat' dir='ltr'><em>velere</em></span> <span class='ocrx_word' id='word_1_125' title='bbox 545 1788 673 1873; x_wconf 62' lang='lat' dir='ltr'><em>nolunt</em></span> <span class='ocrx_word' id='word_1_126' title='bbox 693 1784 763 1869; x_wconf 83' lang='lat' dir='ltr'><em>alii</em></span> <span class='ocrx_word' id='word_1_127' title='bbox 776 1781 1041 1917; x_wconf 73' lang='lat' dir='ltr'><em>regratslirpis</em></span> <span class='ocrx_word' id='word_1_128' title='bbox 1065 1788 1275 1897; x_wconf 79' lang='lat' dir='ltr'><em>Principes,</em></span> <span class='ocrx_word' id='word_1_129' title='bbox 1298 1789 1338 1865; x_wconf 91' lang='lat' dir='ltr'><em>in</em></span> <span class='ocrx_word' id='word_1_130' title='bbox 1362 1806 1523 1897; x_wconf 86' lang='lat' dir='ltr'><em>paterno</em></span> <span class='ocrx_word' id='word_1_131' title='bbox 1536 1783 1633 1890; x_wconf 78' lang='lat' dir='ltr'><em>stolio</em></span> 
     </span>
     <span class='ocr_line' id='line_1_15' title="bbox 328 1894 1633 2013; baseline -0.01 -19"><span class='ocrx_word' id='word_1_132' title='bbox 328 1908 578 1995; x_wconf 81' lang='lat' dir='ltr'><em>collocatumtm</em></span> <span class='ocrx_word' id='word_1_133' title='bbox 598 1898 742 1983; x_wconf 85' lang='lat' dir='ltr'><em>eandem</em></span> <span class='ocrx_word' id='word_1_134' title='bbox 776 1926 876 1983; x_wconf 84' lang='lat' dir='ltr'><em>tuam</em></span> <span class='ocrx_word' id='word_1_135' title='bbox 904 1894 1087 2002; x_wconf 79' lang='lat' dir='ltr'><em>institerat</em></span> <span class='ocrx_word' id='word_1_136' title='bbox 1117 1894 1314 2013; x_wconf 71' lang='lat' dir='ltr'><em>Bolagrtt&#39;us</em></span> <span class='ocrx_word' id='word_1_137' title='bbox 1341 1902 1381 1980; x_wconf 92' lang='lat' dir='ltr'><em>in</em></span> <span class='ocrx_word' id='word_1_138' title='bbox 1413 1894 1633 1981; x_wconf 86' lang='lat' dir='ltr'><em>conciliantia</em></span> 
     </span>
     <span class='ocr_line' id='line_1_16' title="bbox 318 2010 1632 2137; baseline -0.01 -29"><span class='ocrx_word' id='word_1_139' title='bbox 318 2018 396 2132; x_wconf 76' lang='lat' dir='ltr'><em>fibi</em></span> <span class='ocrx_word' id='word_1_140' title='bbox 409 2021 672 2137; x_wconf 64' lang='lat' dir='ltr'><em>reoisgratt&#39;a,</em></span> <span class='ocrx_word' id='word_1_141' title='bbox 683 2013 851 2133; x_wconf 81' lang='lat' dir='ltr'><em>speretque</em></span> <span class='ocrx_word' id='word_1_142' title='bbox 865 2010 1204 2119; x_wconf 65' lang='lat' dir='ltr'><em>Epirotaeftaeron</em></span> <span class='ocrx_word' id='word_1_143' title='bbox 1233 2034 1274 2095; x_wconf 85' lang='lat' dir='ltr'><em>nt</em></span> <span class='ocrx_word' id='word_1_144' title='bbox 1287 2024 1508 2098; x_wconf 87' lang='lat' dir='ltr'><em>cameracum</em></span> <span class='ocrx_word' id='word_1_145' title='bbox 1525 2012 1632 2128; x_wconf 83' lang='lat' dir='ltr'><em>ipstus</em></span> 
     </span>
     <span class='ocr_line' id='line_1_17' title="bbox 328 2117 1630 2245; baseline -0.012 -23"><span class='ocrx_word' id='word_1_146' title='bbox 328 2130 592 2234; x_wconf 86' lang='lat' dir='ltr'><em>acliberorum,</em></span> <span class='ocrx_word' id='word_1_147' title='bbox 631 2143 694 2213; x_wconf 82' lang='lat' dir='ltr'><em>uos</em></span> <span class='ocrx_word' id='word_1_148' title='bbox 719 2156 770 2212; x_wconf 83' lang='lat' dir='ltr'><em>en</em></span> <span class='ocrx_word' id='word_1_149' title='bbox 795 2154 883 2245; x_wconf 81' lang='lat' dir='ltr'><em>rege</em></span> <span class='ocrx_word' id='word_1_150' title='bbox 908 2119 1086 2228; x_wconf 73' lang='lat' dir='ltr'><em>tantae,</em></span> <span class='ocrx_word' id='word_1_151' title='bbox 1117 2117 1255 2209; x_wconf 83' lang='lat' dir='ltr'><em>nomine</em></span> <span class='ocrx_word' id='word_1_152' title='bbox 1282 2122 1454 2239; x_wconf 75' lang='lat' dir='ltr'><em>deinceps·</em></span> <span class='ocrx_word' id='word_1_153' title='bbox 1478 2142 1630 2223; x_wconf 82' lang='lat' dir='ltr'><em>teneret,¹</em></span> 
     </span>
     <span class='ocr_line' id='line_1_18' title="bbox 216 2156 1737 2373; baseline -0.011 -35"><span class='ocrx_word' id='word_1_154' title='bbox 216 2252 226 2265; x_wconf 77' lang='grc'>’</span> <span class='ocrx_word' id='word_1_155' title='bbox 327 2246 423 2373; x_wconf 78' lang='lat' dir='ltr'><em>quod</em></span> <span class='ocrx_word' id='word_1_156' title='bbox 440 2156 661 2334; x_wconf 71' lang='lat' dir='ltr'><em>amittenlae</em></span> <span class='ocrx_word' id='word_1_157' title='bbox 683 2265 761 2328; x_wconf 89' lang='lat' dir='ltr'><em>tam</em></span> <span class='ocrx_word' id='word_1_158' title='bbox 763 2241 902 2351; x_wconf 76' lang='lat' dir='ltr'><em>firmat</em></span> <span class='ocrx_word' id='word_1_159' title='bbox 916 2244 957 2324; x_wconf 91' lang='lat' dir='ltr'><em>iu</em></span> <span class='ocrx_word' id='word_1_160' title='bbox 969 2244 1076 2360; x_wconf 77' lang='lat' dir='ltr'><em>tegni</em></span> <span class='ocrx_word' id='word_1_161' title='bbox 1089 2236 1205 2323; x_wconf 88' lang='lat' dir='ltr'><em>limite</em></span> <span class='ocrx_word' id='word_1_162' title='bbox 1220 2230 1322 2325; x_wconf 81' lang='lat' dir='ltr'><em>orbis</em></span> <span class='ocrx_word' id='word_1_163' title='bbox 1332 2241 1438 2350; x_wconf 82' lang='lat' dir='ltr'><em>causa</em></span> <span class='ocrx_word' id='word_1_164' title='bbox 1451 2236 1604 2347; x_wconf 80' lang='lat' dir='ltr'><em>exstitit.</em></span> <span class='ocrx_word' id='word_1_165' title='bbox 1735 2264 1737 2267; x_wconf 82' lang='lat'>·</span> 
     </span>
    </p>
   </div>
   <div class='ocr_carea' id='block_1_3' title="bbox 843 2430 1127 2541">
    <p class='ocr_par' dir='ltr' id='par_1_3' title="bbox 843 2430 1127 2541">
     <span class='ocr_line' id='line_1_19' title="bbox 843 2430 1127 2541; baseline 0 -22"><span class='ocrx_word' id='word_1_166' title='bbox 843 2435 888 2541; x_wconf 64' lang='grc' dir='ltr'><em>ς.</em></span> <span class='ocrx_word' id='word_1_167' title='bbox 937 2430 1127 2521; x_wconf 81' lang='lat' dir='ltr'>XLVIIL&#39;</span> 
     </span>
    </p>
   </div>
   <div class='ocr_carea' id='block_1_4' title="bbox 177 2603 1849 4092">
    <p class='ocr_par' dir='ltr' id='par_1_4' title="bbox 177 2603 1849 4092">
     <span class='ocr_line' id='line_1_20' title="bbox 360 2603 1661 2732; baseline 0.002 -26"><span class='ocrx_word' id='word_1_168' title='bbox 360 2660 365 2667; x_wconf 89' lang='grc'><em>·</em></span> <span class='ocrx_word' id='word_1_169' title='bbox 441 2621 555 2709; x_wconf 83' lang='lat' dir='ltr'><em>Inter</em></span> <span class='ocrx_word' id='word_1_170' title='bbox 573 2614 677 2701; x_wconf 80' lang='lat' dir='ltr'><em>haee</em></span> <span class='ocrx_word' id='word_1_171' title='bbox 691 2603 878 2699; x_wconf 83' lang='lat' dir='ltr'><em>Diuortii</em></span> <span class='ocrx_word' id='word_1_172' title='bbox 896 2613 1089 2711; x_wconf 72' lang='lat' dir='ltr'><em>consilia,</em></span> <span class='ocrx_word' id='word_1_173' title='bbox 1110 2614 1255 2728; x_wconf 85' lang='lat' dir='ltr'><em>capitis</em></span> <span class='ocrx_word' id='word_1_174' title='bbox 1271 2612 1488 2707; x_wconf 78' lang='lat' dir='ltr'><em>doloribus</em></span> <span class='ocrx_word' id='word_1_175' title='bbox 1511 2636 1632 2732; x_wconf 85' lang='lat' dir='ltr'><em>atque</em></span> <span class='ocrx_word' id='word_1_176' title='bbox 1655 2604 1661 2613; x_wconf 64' lang='grc'><strong>’</strong></span> 
     </span>
     <span class='ocr_line' id='line_1_21' title="bbox 311 2724 1734 2847; baseline -0.003 -21"><span class='ocrx_word' id='word_1_177' title='bbox 311 2728 666 2834; x_wconf 75' lang='lat' dir='ltr'><em>sconuulstonibus</em></span> <span class='ocrx_word' id='word_1_178' title='bbox 682 2728 762 2815; x_wconf 82' lang='lat' dir='ltr'><em>fuit</em></span> <span class='ocrx_word' id='word_1_179' title='bbox 778 2750 939 2827; x_wconf 83' lang='lat' dir='ltr'><em>vexata,</em></span> <span class='ocrx_word' id='word_1_180' title='bbox 959 2724 1156 2815; x_wconf 82' lang='lat' dir='ltr'><em>adhibitis</em></span> <span class='ocrx_word' id='word_1_181' title='bbox 1171 2754 1305 2819; x_wconf 85' lang='lat' dir='ltr'><em>tamen</em></span> <span class='ocrx_word' id='word_1_182' title='bbox 1322 2730 1529 2831; x_wconf 85' lang='lat' dir='ltr'><em>remediis,</em></span> <span class='ocrx_word' id='word_1_183' title='bbox 1543 2761 1630 2847; x_wconf 82' lang='lat' dir='ltr'><em>pat·</em></span> <span class='ocrx_word' id='word_1_184' title='bbox 1649 2784 1652 2797; x_wconf 91' lang='lat'>·</span> <span class='ocrx_word' id='word_1_185' title='bbox 1714 2771 1734 2827; x_wconf 90' lang='grc'><em>,·</em></span> 
     </span>
     <span class='ocr_line' id='line_1_22' title="bbox 321 2840 1632 2957; baseline 0.002 -19"><span class='ocrx_word' id='word_1_186' title='bbox 321 2870 418 2938; x_wconf 84' lang='lat' dir='ltr'><em>tum</em></span> <span class='ocrx_word' id='word_1_187' title='bbox 446 2848 585 2943; x_wconf 77' lang='lat' dir='ltr'><em>enixa,</em></span> <span class='ocrx_word' id='word_1_188' title='bbox 608 2844 733 2929; x_wconf 87' lang='lat' dir='ltr'><em>tertio</em></span> <span class='ocrx_word' id='word_1_189' title='bbox 759 2846 849 2955; x_wconf 86' lang='lat' dir='ltr'><em>post</em></span> <span class='ocrx_word' id='word_1_190' title='bbox 874 2840 943 2929; x_wconf 88' lang='lat' dir='ltr'><em>die</em></span> <span class='ocrx_word' id='word_1_191' title='bbox 971 2844 1018 2957; x_wconf 89' lang='grc' dir='ltr'><em>Χ.</em></span> <span class='ocrx_word' id='word_1_192' title='bbox 1051 2843 1204 2957; x_wconf 80' lang='lat' dir='ltr'><em>Aprilis</em></span> <span class='ocrx_word' id='word_1_193' title='bbox 1235 2850 1284 2932; x_wconf 85' lang='lat' dir='ltr'><em>A.</em></span> <span class='ocrx_word' id='word_1_194' title='bbox 1301 2848 1535 2935; x_wconf 84' lang='lat' dir='ltr'><strong>MDXCIX.</strong></span> <span class='ocrx_word' id='word_1_195' title='bbox 1562 2846 1632 2940; x_wconf 58' lang='lat' dir='ltr'><em>dn</em></span> 
     </span>
     <span class='ocr_line' id='line_1_23' title="bbox 312 2956 1628 3073; baseline -0.001 -21"><span class='ocrx_word' id='word_1_196' title='bbox 312 2964 495 3054; x_wconf 56' lang='lat' dir='ltr'><em>fitutia,</em></span> <span class='ocrx_word' id='word_1_197' title='bbox 526 2956 875 3073; x_wconf 85' lang='lat' dir='ltr'><em>Acceptomottis</em></span> <span class='ocrx_word' id='word_1_198' title='bbox 898 2959 1087 3057; x_wconf 77' lang='lat' dir='ltr'><em>nuntio,</em></span> <span class='ocrx_word' id='word_1_199' title='bbox 1112 2960 1339 3073; x_wconf 85' lang='lat' dir='ltr'><em>plurimum</em></span> <span class='ocrx_word' id='word_1_200' title='bbox 1371 2964 1628 3059; x_wconf 85' lang='lat' dir='ltr'><em>contristatus</em></span> 
     </span>
     <span class='ocr_line' id='line_1_24' title="bbox 318 3072 1628 3192; baseline -0.003 -23"><span class='ocrx_word' id='word_1_201' title='bbox 318 3080 401 3170; x_wconf 81' lang='lat' dir='ltr'><em>tuit</em></span> <span class='ocrx_word' id='word_1_202' title='bbox 415 3076 634 3166; x_wconf 86' lang='lat' dir='ltr'><em>Henticus.</em></span> <span class='ocrx_word' id='word_1_203' title='bbox 689 3072 869 3159; x_wconf 76' lang='lat' dir='ltr'><em>Tristitia</em></span> <span class='ocrx_word' id='word_1_204' title='bbox 887 3074 1033 3187; x_wconf 86' lang='lat' dir='ltr'><em>ingens</em></span> <span class='ocrx_word' id='word_1_205' title='bbox 1050 3074 1304 3187; x_wconf 86' lang='lat' dir='ltr'><em>inspeciem,</em></span> <span class='ocrx_word' id='word_1_206' title='bbox 1328 3077 1465 3165; x_wconf 68' lang='lat' dir='ltr'><em>cundi</em></span> <span class='ocrx_word' id='word_1_207' title='bbox 1485 3104 1628 3192; x_wconf 59' lang='lat' dir='ltr'><em>procef</em></span> 
     </span>
     <span class='ocr_line' id='line_1_25' title="bbox 318 3182 1628 3301; baseline -0.001 -19"><span class='ocrx_word' id='word_1_208' title='bbox 318 3222 388 3282; x_wconf 84' lang='lat' dir='ltr'><em>tes</em></span> <span class='ocrx_word' id='word_1_209' title='bbox 415 3195 464 3280; x_wconf 87' lang='lat' dir='ltr'><em>in</em></span> <span class='ocrx_word' id='word_1_210' title='bbox 489 3190 584 3277; x_wconf 75' lang='lat' dir='ltr'><em>aula</em></span> <span class='ocrx_word' id='word_1_211' title='bbox 615 3182 809 3301; x_wconf 83' lang='lat' dir='ltr'><em>lugubria</em></span> <span class='ocrx_word' id='word_1_212' title='bbox 832 3188 1085 3287; x_wconf 85' lang='lat' dir='ltr'><em>sumserunt,</em></span> <span class='ocrx_word' id='word_1_213' title='bbox 1116 3216 1203 3276; x_wconf 89' lang='lat' dir='ltr'><em>non</em></span> <span class='ocrx_word' id='word_1_214' title='bbox 1229 3192 1311 3277; x_wconf 80' lang='lat' dir='ltr'><em>fine</em></span> <span class='ocrx_word' id='word_1_215' title='bbox 1332 3191 1462 3279; x_wconf 87' lang='lat' dir='ltr'><em>tacito</em></span> <span class='ocrx_word' id='word_1_216' title='bbox 1491 3215 1628 3282; x_wconf 80' lang='lat' dir='ltr'><em>tamen</em></span> 
     </span>
     <span class='ocr_line' id='line_1_26' title="bbox 318 3302 1628 3427; baseline 0.005 -38"><span class='ocrx_word' id='word_1_217' title='bbox 318 3307 500 3427; x_wconf 83' lang='lat' dir='ltr'><em>gaudio,</em></span> <span class='ocrx_word' id='word_1_218' title='bbox 525 3304 767 3419; x_wconf 86' lang='lat' dir='ltr'><em>quippequi</em></span> <span class='ocrx_word' id='word_1_219' title='bbox 783 3303 984 3415; x_wconf 86' lang='lat' dir='ltr'><em>petillius</em></span> <span class='ocrx_word' id='word_1_220' title='bbox 1000 3324 1201 3412; x_wconf 83' lang='lat' dir='ltr'><em>mortem,</em></span> <span class='ocrx_word' id='word_1_221' title='bbox 1224 3302 1328 3423; x_wconf 84' lang='lat' dir='ltr'><em>Regi</em></span> <span class='ocrx_word' id='word_1_222' title='bbox 1346 3303 1398 3391; x_wconf 92' lang='lat' dir='ltr'><em>de</em></span> <span class='ocrx_word' id='word_1_223' title='bbox 1414 3308 1570 3420; x_wconf 86' lang='lat' dir='ltr'><em>nu&#39;ptiis</em></span> <span class='ocrx_word' id='word_1_224' title='bbox 1586 3330 1628 3397; x_wconf 88' lang='lat' dir='ltr'><em>et</em></span> 
     </span>
     <span class='ocr_line' id='line_1_27' title="bbox 261 3414 1849 3537; baseline 0 -28"><span class='ocrx_word' id='word_1_225' title='bbox 261 3426 271 3435; x_wconf 82' lang='grc'><strong>”</strong></span> <span class='ocrx_word' id='word_1_226' title='bbox 319 3424 464 3536; x_wconf 78' lang='lat' dir='ltr'><em>prole,</em></span> <span class='ocrx_word' id='word_1_227' title='bbox 485 3423 530 3519; x_wconf 83' lang='lat' dir='ltr'><em>in</em></span> <span class='ocrx_word' id='word_1_228' title='bbox 558 3420 668 3531; x_wconf 86' lang='lat' dir='ltr'><em>spem</em></span> <span class='ocrx_word' id='word_1_229' title='bbox 685 3439 819 3504; x_wconf 86' lang='lat' dir='ltr'><em>tantae</em></span> <span class='ocrx_word' id='word_1_230' title='bbox 832 3414 1121 3517; x_wconf 75' lang='lat' dir='ltr'><em>succesionis,</em></span> <span class='ocrx_word' id='word_1_231' title='bbox 1146 3442 1188 3507; x_wconf 84' lang='lat' dir='ltr'><em>et</em></span> <span class='ocrx_word' id='word_1_232' title='bbox 1212 3418 1400 3507; x_wconf 85' lang='lat' dir='ltr'><em>firmandi</em></span> <span class='ocrx_word' id='word_1_233' title='bbox 1424 3422 1540 3537; x_wconf 86' lang='lat' dir='ltr'><em>regni</em></span> <span class='ocrx_word' id='word_1_234' title='bbox 1566 3422 1625 3509; x_wconf 88' lang='lat' dir='ltr'><em>su·</em></span> <span class='ocrx_word' id='word_1_235' title='bbox 1848 3454 1849 3461; x_wconf 46' lang='lat'>¹</span> 
     </span>
     <span class='ocr_line' id='line_1_28' title="bbox 317 3522 1728 3651; baseline 0.001 -29"><span class='ocrx_word' id='word_1_236' title='bbox 317 3534 540 3651; x_wconf 76' lang='lat' dir='ltr'><em>stipienda‚</em></span> <span class='ocrx_word' id='word_1_237' title='bbox 557 3536 645 3619; x_wconf 88' lang='lat' dir='ltr'><em>sero</em></span> <span class='ocrx_word' id='word_1_238' title='bbox 666 3530 900 3646; x_wconf 78' lang='lat' dir='ltr'><em>cogitandi,</em></span> <span class='ocrx_word' id='word_1_239' title='bbox 916 3560 939 3618; x_wconf 80' lang='lat' dir='ltr'><em>a</em></span> <span class='ocrx_word' id='word_1_240' title='bbox 955 3536 1047 3621; x_wconf 85' lang='lat' dir='ltr'><em>Deo</em></span> <span class='ocrx_word' id='word_1_241' title='bbox 1063 3530 1243 3623; x_wconf 83' lang='lat' dir='ltr'><em>oblatam</em></span> <span class='ocrx_word' id='word_1_242' title='bbox 1266 3534 1624 3625; x_wconf 78' lang='lat' dir='ltr'><em>occastonemiae·</em></span> <span class='ocrx_word' id='word_1_243' title='bbox 1719 3522 1728 3535; x_wconf 56' lang='lat'><strong>⁹</strong></span> 
     </span>
     <span class='ocr_line' id='line_1_29' title="bbox 315 3642 1626 3761; baseline 0 -22"><span class='ocrx_word' id='word_1_244' title='bbox 315 3648 527 3748; x_wconf 70' lang='lat' dir='ltr'><em>tibanmr,</em></span> <span class='ocrx_word' id='word_1_245' title='bbox 554 3644 671 3761; x_wconf 81' lang='lat' dir='ltr'><em>quod</em></span> <span class='ocrx_word' id='word_1_246' title='bbox 701 3647 908 3757; x_wconf 85' lang='lat' dir='ltr'><em>superstite</em></span> <span class='ocrx_word' id='word_1_247' title='bbox 930 3647 1108 3747; x_wconf 84' lang='lat' dir='ltr'><em>Estreea,</em></span> <span class='ocrx_word' id='word_1_248' title='bbox 1126 3672 1195 3736; x_wconf 83' lang='lat' dir='ltr'><em>aut</em></span> <span class='ocrx_word' id='word_1_249' title='bbox 1225 3674 1437 3759; x_wconf 84' lang='lat' dir='ltr'><em>nunquam</em></span> <span class='ocrx_word' id='word_1_250' title='bbox 1459 3652 1553 3739; x_wconf 29' lang='lat' dir='ltr'><em>Rex,</em></span> <span class='ocrx_word' id='word_1_251' title='bbox 1567 3642 1626 3739; x_wconf 78' lang='lat' dir='ltr'><em>se-</em></span> 
     </span>
     <span class='ocr_line' id='line_1_30' title="bbox 264 3760 1623 3901; baseline 0 -48"><span class='ocrx_word' id='word_1_252' title='bbox 264 3778 276 3785; x_wconf 85' lang='grc'><em>“</em></span> <span class='ocrx_word' id='word_1_253' title='bbox 319 3764 458 3869; x_wconf 80' lang='lat' dir='ltr'><em>eisset,</em></span> <span class='ocrx_word' id='word_1_254' title='bbox 477 3762 707 3867; x_wconf 77' lang='lat' dir='ltr'><em>autminus</em></span> <span class='ocrx_word' id='word_1_255' title='bbox 728 3760 884 3871; x_wconf 85' lang='lat' dir='ltr'><em>digne,</em></span> <span class='ocrx_word' id='word_1_256' title='bbox 899 3788 1021 3871; x_wconf 84' lang='lat' dir='ltr'><em>quam</em></span> <span class='ocrx_word' id='word_1_257' title='bbox 1041 3764 1222 3873; x_wconf 82' lang='lat' dir='ltr'><em>praesens</em></span> <span class='ocrx_word' id='word_1_258' title='bbox 1240 3788 1380 3850; x_wconf 84' lang='lat' dir='ltr'><em>tetum</em></span> <span class='ocrx_word' id='word_1_259' title='bbox 1396 3768 1519 3869; x_wconf 70' lang='lat' dir='ltr'><em>stante</em></span> <span class='ocrx_word' id='word_1_260' title='bbox 1548 3792 1623 3901; x_wconf 78' lang='lat' dir='ltr'><em>po·</em></span> 
     </span>
     <span class='ocr_line' id='line_1_31' title="bbox 177 3874 1849 3997; baseline 0.007 -37"><span class='ocrx_word' id='word_1_261' title='bbox 177 3951 185 3960; x_wconf 85' lang='lat'><strong><em>.</em></strong></span> <span class='ocrx_word' id='word_1_262' title='bbox 315 3876 512 3977; x_wconf 70' lang='lat' dir='ltr'><em>nutabat,</em></span> <span class='ocrx_word' id='word_1_263' title='bbox 567 3881 678 3993; x_wconf 76' lang='lat' dir='ltr'><strong>(q).</strong></span> <span class='ocrx_word' id='word_1_264' title='bbox 759 3874 947 3966; x_wconf 82' lang='lat' dir='ltr'><em>Mortem</em></span> <span class='ocrx_word' id='word_1_265' title='bbox 998 3874 1124 3991; x_wconf 85' lang='lat' dir='ltr'><em>ipstus</em></span> <span class='ocrx_word' id='word_1_266' title='bbox 1175 3874 1379 3997; x_wconf 81' lang='lat' dir='ltr'><em>prolixius</em></span> <span class='ocrx_word' id='word_1_267' title='bbox 1433 3878 1624 3968; x_wconf 72' lang='lat' dir='ltr'><em>describit</em></span> <span class='ocrx_word' id='word_1_268' title='bbox 1643 3982 1650 3991; x_wconf 49' lang='grc'>,</span> <span class='ocrx_word' id='word_1_269' title='bbox 1669 3965 1681 3975; x_wconf 81' lang='grc'><em>.,</em></span> <span class='ocrx_word' id='word_1_270' title='bbox 1848 3988 1849 3995; x_wconf 8' lang='grc' dir='ltr'><strong><em>Ν</em></strong></span> 
     </span>
     <span class='ocr_line' id='line_1_32' title="bbox 568 4021 1789 4092; baseline -0.002 -3"><span class='ocrx_word' id='word_1_271' title='bbox 568 4037 573 4043; x_wconf 83' lang='grc'>·</span> <span class='ocrx_word' id='word_1_272' title='bbox 1292 4074 1336 4087; x_wconf 92' lang='grc'><em>..</em></span> <span class='ocrx_word' id='word_1_273' title='bbox 1455 4021 1622 4092; x_wconf 69' lang='grc' dir='ltr'>ΤΗΥᾸ·</span> <span class='ocrx_word' id='word_1_274' title='bbox 1786 4026 1789 4031; x_wconf 85' lang='grc'><strong>“</strong></span> 
     </span>
    </p>
   </div>
   <div class='ocr_carea' id='block_1_5' title="bbox 348 4094 975 4254">
    <p class='ocr_par' dir='ltr' id='par_1_5' title="bbox 348 4094 975 4254">
     <span class='ocr_line' id='line_1_33' title="bbox 348 4094 975 4254; baseline 0.011 -26"><span class='ocrx_word' id='word_1_275' title='bbox 348 4125 419 4253; x_wconf 62' lang='lat' dir='ltr'><em>lq)</em></span> <span class='ocrx_word' id='word_1_276' title='bbox 440 4094 665 4251; x_wconf 75' lang='lat' dir='ltr'><em>Ht&#39;pioitntdet</em></span> <span class='ocrx_word' id='word_1_277' title='bbox 680 4152 867 4254; x_wconf 55' lang='grc' dir='ltr'><em>ΛΜΨ</em></span> <span class='ocrx_word' id='word_1_278' title='bbox 885 4162 975 4243; x_wconf 77' lang='lat'><em>262.</em></span> 
     </span>
    </p>
   </div>
   <div class='ocr_carea' id='block_1_6' title="bbox 0 0 1872 4734">
    <p class='ocr_par' dir='ltr' id='par_1_6' title="bbox 0 0 1872 4734">
     <span class='ocr_line' id='line_1_34' title="bbox 0 0 1872 4734; baseline 0 8"><span class='ocrx_word' id='word_1_279' title='bbox 0 0 1872 4734; x_wconf 95' lang='lat' dir='ltr'><em> </em></span> 
     </span>
    </p>
   </div>
  </div>
 </body>
</html>
