3734 4734
390 251 413 311 ’-
451 247 1350 360 mnnpmpaqnasmprrnnm.
1476 273 1545 356 ua

235 421 428 520 mittebar
457 413 507 510 ad
538 407 644 536 Imp.
675 413 964 510 Consiliarium
987 423 1103 510 suum
1132 425 1348 531 intimum,
1378 425 1547 512 Petrum

67 568 68 581 ¹
234 545 415 655 Tolstoy
429 563 471 626 et
496 538 787 624 centurionem
808 541 1058 628 Romanzoff
1068 568 1165 628 cunr
1188 542 1337 628 litteris
1352 539 1401 625 ad
1415 541 1547 652 ipsum

66 672 67 675 ‘
235 659 365 768 datie,
396 682 449 740 ne
478 645 615 737 filium
633 661 782 738 'contra
803 652 944 738 diuina
968 651 1146 740 humana
1176 684 1230 741 ue
1252 658 1342 742 iura
1367 655 1545 766 amplius

237 773 450 860 detineret.
475 765 687 883 Consensrr¹
710 767 840 880 igitur
862 768 963 881 imp.
980 790 1026 852 vt
1045 683 1286 882 diiiibegati
1311 772 1467 857 Rusiici
1496 767 1549 856 ad

235 881 557 976 Czarowitzium
581 877 913 978 admitterentur,
939 879 1134 968 mandans
1152 885 1366 983 Ministris,
1380 885 1545 972 vtPrin·

234 1004 374 1114 ‘qipem
393 991 645 1110 adyr'editum
660 993 937 1108 disponerent.
995 996 1135 1106 Legati
1153 997 1312 1085 Rusfici
1330 998 1432 1086 dum
1442 1003 1544 1085 Nea·

234 1116 372 1232 polim
387 1108 612 1194 venirenta
631 1109 903 1197 Czarowitzio
920 1108 1093 1194 minime
1112 1107 1452 1220 admittebantur,
1479 1115 1544 1200 νέ-

236 1255 319 1344 que
341 1225 445 1310 dum
464 1225 612 1338 Prorer
628 1223 922 1338 Neapolitanus
945 1225 1076 1332 ipsum
1092 1223 1142 1308 ad
1164 1227 1201 1312 se
1225 1226 1437 1328 inuitaret,
1454 1230 1543 1342 ipii·

236 1371 321 1458 que
344 1341 503 1453 legatos'
523 1338 809 1448 praesentaret,
827 1338 897 1448 qui
913 1335 1067 1421 litteras
1084 1362 1268 1450 paternas
1292 1342 1331 1427 d.
1345 1345 1451 1429 XVI.
1477 1345 1542 1430 lu·

233 1461 284 1547 lii
300 1449 804 1542 MDCCXVII.·iamdum
818 1451 982 1562 scriptas
1007 1452 1078 1564 ipsr
1098 1449 1363 1552 exhibebant,
1387 1455 1540 1566 quibus
1676 1525 1679 1538 .

236 1573 370 1686 ipsum
387 1566 574 1678 denegari
603 1562 785 1677 obsequii
810 1562 1097 1678 redarguebat,
1118 1563 1266 1652 deinde
1281 1569 1351 1680 ipsa
1370 1567 1441 1656 sub
1454 1597 1545 1683 gra·

239 1687 403 1773 'uirsrma
424 1677 692 1783 obtestatione
718 1679 1007 1792 promittebat,
1040 1679 1079 1766 se
1108 1682 1261 1794 ipsum,
1295 1685 1323 1767 fi
1353 1705 1540 1797 paternae

238 1794 444 1887 voluntati
460 1789 650 1906 obsequi,
672 1798 795 1905 seque
812 1792 1011 1880 subiicere
1023 1792 1167 1894 vellet,
1184 1797 1359 1886 minime
1375 1801 1451 1886 eiie
1465 1825 1540 1912 pu-

234 1917 450 2014 niturum,
471 1910 530 1994 srn
540 1907 837 2009 fecus‘faceret,
858 1908 989 2022 ipsum
1003 1935 1088 1994 non
1105 1903 1238 1998 solum
1254 1937 1440 2026 paternae
1455 1941 1540 2000 ma·

234 2023 448 2118 lediffloni
470 2024 508 2111 se
531 2050 757 2137 exponere,
777 2021 843 2108 sod
866 2023 990 2108 etiam
1005 2023 1042 2108 se
1062 2025 1194 2136 ipsum
1221 2055 1299 2137 pro
1324 2028 1540 2142 proditore

233 2145 313 2232 effe
331 2142 563 2258 gestrmnn,
585 2163 663 2222 nee
678 2136 812 2222 media
827 2134 1033 2232 deficere,
1056 2165 1137 2246 qua
1153 2141 1309 2226 ratione
1327 2145 1456 2254 ipsum
1472 2141 1540 2228 de·
1705 2171 1709 2180 ’

234 2250 334 2346 bitis
361 2254 524 2368 poenis·
539 2245 742 2337 adficerer.
829 2247 1026 2332 Alienum
1053 2251 1237 2360 primum
1262 2253 1299 2334 se
1328 2252 1541 2362 praebebat
1627 2329 1631 2336 ,

234 2368 558 2464 Crarowi'tzius,
587 2365 733 2453 instans
757 2356 829 2448 fibi
851 2357 1084 2474 periculum
1104 2385 1339 2476 praetexens
1363 2391 1403 2451 et
1428 2363 1542 2476 quod

235 2489 342 2600 imp·
365 2483 438 2600 ipsr
462 2480 776 2596 protebiionem
796 2475 1062 2590 promifirset,
1088 2479 1209 2593 seque
1236 2477 1368 2594 ipsum
1392 2501 1540 2564 armata
1713 2567 1718 2574 ,

234 2625 363 2692 manu
379 2595 543 2712 throno*
558 2613 727 2711 paterno
748 2595 823 2680 effe
846 2591 1149 2706 impo'srturum.
1207 2595 1424 2708 Postquam
1439 2617 1539 2680 vero

234 2713 423 2832 prossRer
447 2709 742 2826 Neapolitanus
766 2709 944 2797 Caeirris
966 2711 1136 2797 nomine
1151 2709 1221 2822 ipfi
1240 2711 1473 2808 inditaiser,
1492 2727 1539 2798 rt

232 2824 345 2947 patri*
353 2817 591 2942 obsequium
606 2819 827 2947 praeberet,
836 2845 957 2936 atque
972 2823 1150 2913 reditum
1163 2851 1340 2938 pararet,
1359 2829 1394 2913 se
1409 2825 1539 2940 ipsum
1629 2817 1635 2827 ’

168 3016 181 3048 ,,
235 2943 412 3056 amplius
434 2939 616 3027 detinere
639 2937 774 3034 nolle,
807 2939 950 3022 annuit
972 2935 1137 3024 tandem
1165 2964 1286 3052 atque
1312 2940 1413 3026 datis
1436 2943 1539 3025 Nea·

235 3059 325 3174 poli
347 3055 465 3141 d.lV.
490 3051 689 3161 Oiiobris
710 3048 1008 3144 Muccxvlr.
1039 3051 1185 3138 litteris
1209 3079 1231 3136 a
1254 3055 1544 3167 porentisfimo

235 3192 401 3289 parente
423 3169 582 3267 veniam
600 3165 852 3281 gratiamque
872 3167 1004 3277 petiit.
1058 3161 1243 3256 Tandem
1258 3172 1542 3278 veropostve-

234 3281 711 3396 niam'ipfipromiffam,
725 3302 807 3390 per
832 3259 1096 3383 Dantiscurp,
1119 3259 1170 3364 Ri
1201 3307 1288 3378 am,
1306 3275 1542 3373 Petersbur·
1710 3368 1715 3377 ,

236 3425 341 3514 gum
363 3396 444 3513 rna
467 3424 566 3482 cum
588 3394 777 3479 Tolstoio
813 3414 935 3503 atque
961 3397 1174 3478 Romanzo
1223 3419 1251 3478 o
1283 3391 1543 3478 Moscouiam

237 3515 348 3601 cirta
368 3509 495 3597 finem
516 3509 687 3595 Ianuarii
710 3505 1166 3595 MDCCXV111.venit.
1219 3507 1435 3621 Postquam
1455 3503 1542 3594 hoc

295 3628 521 3714 tentirsrmo
541 3622 697 3736 parenti
711 3621 860 3730 ⁸fuisset
881 3623 1129 3720 nuntiatum,
1143 3615 1377 3721 conuocato
1399 3624 1458 3710 Kl.
1471 3621 1558 3710 Fe··

235 3657 389 3844 bbra'rii
409 3740 583 3850 consilio
605 3741 727 3822 status
749 3735 981 3850 eodemque
997 3735 1117 3822 finito
1142 3737 1412 3824 Czarowitzio
1428 3765 1543 3824 man·
1689 3763 1700 3831 ς

236 3849 430 3955 dabatur,
449 3836 789 3966 uper-milliare
820 3849 861 3935 e't
885 3851 1105 3970 ¹dimidium
1130 3846 1180 3938 ab
1205 3847 1304 3940 vrbe
1325 3851 1542 3946 Mosrouia

205 4029 211 4038 —
236 3965 377 4086 abiret
406 3993 409 4000 ·
434 3967 651 4056 Dietertia
668 3961 782 4056 Febr.
804 3965 945 4057 clauii‘s
966 3967 1123 4082 portis,
1145 3965 1344 4086 omnibus
1359 3963 1544 4168 aditiblrpa
