<?xml version="1.0" encoding="UTF-8"?>
<!DOCTYPE html PUBLIC "-//W3C//DTD XHTML 1.0 Transitional//EN"
    "http://www.w3.org/TR/xhtml1/DTD/xhtml1-transitional.dtd">
<html xmlns="http://www.w3.org/1999/xhtml" xml:lang="en" lang="en">
 <head>
  <title>
</title>
<meta http-equiv="Content-Type" content="text/html;charset=utf-8" />
  <meta name='ocr-system' content='tesseract 3.04.00' />
  <meta name='ocr-capabilities' content='ocr_page ocr_carea ocr_par ocr_line ocrx_word'/>
</head>
<body>
  <div class='ocr_page' id='page_1' title='image "./dbvrcardgotthel01hoffgoog_0706.png"; bbox 0 0 3734 4734; ppageno 0'>
   <div class='ocr_carea' id='block_1_1' title="bbox 368 205 1368 312">
    <p class='ocr_par' dir='ltr' id='par_1_1' title="bbox 368 205 1368 312">
     <span class='ocr_line' id='line_1_1' title="bbox 368 205 1368 312; baseline -0.002 -22"><span class='ocrx_word' id='word_1_1' title='bbox 368 218 440 304; x_wconf 77' lang='lat'>⁶38</span> <span class='ocrx_word' id='word_1_2' title='bbox 641 208 847 312; x_wconf 55' lang='lat' dir='ltr'>2³.chst</span> <span class='ocrx_word' id='word_1_3' title='bbox 865 205 1187 309; x_wconf 68' lang='lat' dir='ltr'>Dedtmsssrraeelu</span> <span class='ocrx_word' id='word_1_4' title='bbox 1201 211 1368 310; x_wconf 57' lang='lat' dir='ltr'>illistam</span> 
     </span>
    </p>
   </div>
   <div class='ocr_carea' id='block_1_2' title="bbox 170 371 1823 4078">
    <p class='ocr_par' dir='ltr' id='par_1_2' title="bbox 170 371 1823 4078">
     <span class='ocr_line' id='line_1_2' title="bbox 362 371 1676 512; baseline -0.002 -44"><span class='ocrx_word' id='word_1_5' title='bbox 362 399 465 468; x_wconf 83' lang='lat' dir='ltr'>nem</span> <span class='ocrx_word' id='word_1_6' title='bbox 486 375 692 512; x_wconf 66' lang='lat' dir='ltr'>caularum</span> <span class='ocrx_word' id='word_1_7' title='bbox 709 371 1011 480; x_wconf 80' lang='lat' dir='ltr'>adlubeantur,·</span> <span class='ocrx_word' id='word_1_8' title='bbox 1019 401 1223 493; x_wconf 83' lang='lat' dir='ltr'>quatenus</span> <span class='ocrx_word' id='word_1_9' title='bbox 1238 375 1444 498; x_wconf 75' lang='lat' dir='ltr'>lpltrrdori</span> <span class='ocrx_word' id='word_1_10' title='bbox 1467 375 1676 496; x_wconf 81' lang='lat' dir='ltr'>tlignirati·</span> 
     </span>
     <span class='ocr_line' id='line_1_3' title="bbox 366 489 1635 617; baseline 0.004 -33"><span class='ocrx_word' id='word_1_11' title='bbox 366 518 449 617; x_wconf 84' lang='lat' dir='ltr'>que</span> <span class='ocrx_word' id='word_1_12' title='bbox 471 489 693 614; x_wconf 74' lang='lat' dir='ltr'>illustrium</span> <span class='ocrx_word' id='word_1_13' title='bbox 717 515 806 586; x_wconf 89' lang='lat' dir='ltr'>non</span> <span class='ocrx_word' id='word_1_14' title='bbox 831 491 1104 589; x_wconf 75' lang='lat' dir='ltr'>aduersantur.</span> <span class='ocrx_word' id='word_1_15' title='bbox 1514 580 1521 596; x_wconf 82' lang='lat'><strong>.</strong></span> <span class='ocrx_word' id='word_1_16' title='bbox 1627 539 1635 550; x_wconf 95' lang='lat'><strong>·</strong></span> 
     </span>
     <span class='ocr_line' id='line_1_4' title="bbox 762 652 1636 766; baseline -0.006 0"><span class='ocrx_word' id='word_1_17' title='bbox 762 652 766 662; x_wconf 76' lang='grc'>’</span> <span class='ocrx_word' id='word_1_18' title='bbox 923 662 965 766; x_wconf 72' lang='lat' dir='ltr'>i·</span> <span class='ocrx_word' id='word_1_19' title='bbox 1016 653 1122 742; x_wconf 71' lang='lat' dir='ltr'>xlx</span> <span class='ocrx_word' id='word_1_20' title='bbox 1632 753 1636 761; x_wconf 90' lang='lat'>.</span> 
     </span>
     <span class='ocr_line' id='line_1_5' title="bbox 388 792 1675 932; baseline -0.007 -43"><span class='ocrx_word' id='word_1_21' title='bbox 388 805 393 818; x_wconf 89' lang='lat'>&#39;</span> <span class='ocrx_word' id='word_1_22' title='bbox 482 795 644 888; x_wconf 82' lang='lat' dir='ltr'>lorium</span> <span class='ocrx_word' id='word_1_23' title='bbox 659 793 835 886; x_wconf 89' lang='lat' dir='ltr'>mutatio</span> <span class='ocrx_word' id='word_1_24' title='bbox 851 819 892 886; x_wconf 89' lang='lat' dir='ltr'>et</span> <span class='ocrx_word' id='word_1_25' title='bbox 906 792 1120 914; x_wconf 78' lang='lat' dir='ltr'>abrogltio</span> <span class='ocrx_word' id='word_1_26' title='bbox 1143 820 1230 886; x_wconf 90' lang='lat' dir='ltr'>non</span> <span class='ocrx_word' id='word_1_27' title='bbox 1241 793 1524 932; x_wconf 70' lang='lat' dir='ltr'>praesumitur.</span> <span class='ocrx_word' id='word_1_28' title='bbox 1542 795 1675 910; x_wconf 85' lang='lat' dir='ltr'>Siigi·</span> 
     </span>
     <span class='ocr_line' id='line_1_6' title="bbox 366 906 1677 1026; baseline -0.006 -22"><span class='ocrx_word' id='word_1_29' title='bbox 366 931 436 1004; x_wconf 84' lang='lat' dir='ltr'>tur</span> <span class='ocrx_word' id='word_1_30' title='bbox 452 913 663 1002; x_wconf 87' lang='lat' dir='ltr'>monstrari</span> <span class='ocrx_word' id='word_1_31' title='bbox 680 915 830 1024; x_wconf 89' lang='lat' dir='ltr'>potest,</span> <span class='ocrx_word' id='word_1_32' title='bbox 850 914 1080 1002; x_wconf 73' lang='lat' dir='ltr'>Germanos</span> <span class='ocrx_word' id='word_1_33' title='bbox 1095 913 1275 1026; x_wconf 83' lang='lat' dir='ltr'>proprias</span> <span class='ocrx_word' id='word_1_34' title='bbox 1295 911 1376 999; x_wconf 87' lang='lat' dir='ltr'>luis</span> <span class='ocrx_word' id='word_1_35' title='bbox 1393 906 1577 1010; x_wconf 80' lang='lat' dir='ltr'>iuribus,</span> <span class='ocrx_word' id='word_1_36' title='bbox 1606 913 1677 997; x_wconf 82' lang='lat' dir='ltr'>iis·</span> 
     </span>
     <span class='ocr_line' id='line_1_7' title="bbox 396 1023 1677 1141; baseline -0.004 -26"><span class='ocrx_word' id='word_1_37' title='bbox 396 1053 450 1116; x_wconf 87' lang='lat' dir='ltr'>ue</span> <span class='ocrx_word' id='word_1_38' title='bbox 467 1023 533 1114; x_wconf 89' lang='lat' dir='ltr'>vel</span> <span class='ocrx_word' id='word_1_39' title='bbox 549 1027 707 1139; x_wconf 82' lang='lat' dir='ltr'>scriptis</span> <span class='ocrx_word' id='word_1_40' title='bbox 726 1025 793 1114; x_wconf 87' lang='lat' dir='ltr'>vel</span> <span class='ocrx_word' id='word_1_41' title='bbox 819 1051 905 1114; x_wconf 92' lang='lat' dir='ltr'>non</span> <span class='ocrx_word' id='word_1_42' title='bbox 929 1027 1085 1141; x_wconf 82' lang='lat' dir='ltr'>scriptis</span> <span class='ocrx_word' id='word_1_43' title='bbox 1109 1027 1155 1114; x_wconf 93' lang='lat' dir='ltr'>in</span> <span class='ocrx_word' id='word_1_44' title='bbox 1182 1027 1405 1114; x_wconf 82' lang='lat' dir='ltr'>tutelarum</span> <span class='ocrx_word' id='word_1_45' title='bbox 1427 1025 1566 1112; x_wconf 80' lang='lat' dir='ltr'>vixille</span> <span class='ocrx_word' id='word_1_46' title='bbox 1586 1051 1677 1110; x_wconf 87' lang='lat' dir='ltr'>cau·</span> 
     </span>
     <span class='ocr_line' id='line_1_8' title="bbox 245 1055 1674 1254; baseline -0.001 -28"><span class='ocrx_word' id='word_1_47' title='bbox 245 1231 264 1244; x_wconf 23' lang='grc' dir='ltr'>ἣ</span> <span class='ocrx_word' id='word_1_48' title='bbox 367 1055 441 1242; x_wconf 54' lang='lat' dir='ltr'>lis,</span> <span class='ocrx_word' id='word_1_49' title='bbox 463 1161 564 1230; x_wconf 82' lang='lat' dir='ltr'>tunc</span> <span class='ocrx_word' id='word_1_50' title='bbox 582 1139 734 1228; x_wconf 80' lang='lat' dir='ltr'>haecce</span> <span class='ocrx_word' id='word_1_51' title='bbox 751 1139 841 1228; x_wconf 87' lang='lat' dir='ltr'>iura</span> <span class='ocrx_word' id='word_1_52' title='bbox 862 1143 1051 1254; x_wconf 81' lang='lat' dir='ltr'>antiqua,</span> <span class='ocrx_word' id='word_1_53' title='bbox 1069 1155 1074 1164; x_wconf 82' lang='lat'>&#39;</span> <span class='ocrx_word' id='word_1_54' title='bbox 1094 1141 1200 1250; x_wconf 85' lang='lat' dir='ltr'>inter</span> <span class='ocrx_word' id='word_1_55' title='bbox 1227 1137 1536 1254; x_wconf 84' lang='lat' dir='ltr'>priuatoslicet</span> <span class='ocrx_word' id='word_1_56' title='bbox 1558 1137 1674 1224; x_wconf 87' lang='lat' dir='ltr'>abro-</span> 
     </span>
     <span class='ocr_line' id='line_1_9' title="bbox 366 1250 1676 1376; baseline -0.002 -34"><span class='ocrx_word' id='word_1_57' title='bbox 366 1275 480 1376; x_wconf 82' lang='lat' dir='ltr'>gata,</span> <span class='ocrx_word' id='word_1_58' title='bbox 502 1255 609 1342; x_wconf 89' lang='lat' dir='ltr'>inter</span> <span class='ocrx_word' id='word_1_59' title='bbox 626 1255 801 1344; x_wconf 82' lang='lat' dir='ltr'>illustres</span> <span class='ocrx_word' id='word_1_60' title='bbox 818 1277 955 1342; x_wconf 90' lang='lat' dir='ltr'>tamen</span> <span class='ocrx_word' id='word_1_61' title='bbox 970 1259 1014 1342; x_wconf 93' lang='lat' dir='ltr'>in</span> <span class='ocrx_word' id='word_1_62' title='bbox 1031 1257 1158 1344; x_wconf 76' lang='lat' dir='ltr'>trufis</span> <span class='ocrx_word' id='word_1_63' title='bbox 1174 1258 1349 1340; x_wconf 82' lang='lat' dir='ltr'>maxime</span> <span class='ocrx_word' id='word_1_64' title='bbox 1363 1250 1544 1366; x_wconf 86' lang='lat' dir='ltr'>publicis</span> <span class='ocrx_word' id='word_1_65' title='bbox 1560 1253 1676 1352; x_wconf 81' lang='lat' dir='ltr'>suurn</span> 
     </span>
     <span class='ocr_line' id='line_1_10' title="bbox 366 1365 1687 1485; baseline -0.002 -29"><span class='ocrx_word' id='word_1_66' title='bbox 366 1365 502 1456; x_wconf 88' lang='lat' dir='ltr'>adhuc</span> <span class='ocrx_word' id='word_1_67' title='bbox 526 1369 708 1455; x_wconf 88' lang='lat' dir='ltr'>valorem</span> <span class='ocrx_word' id='word_1_68' title='bbox 724 1397 818 1484; x_wconf 87' lang='lat' dir='ltr'>prae</span> <span class='ocrx_word' id='word_1_69' title='bbox 843 1367 1006 1485; x_wconf 83' lang='lat' dir='ltr'>legibus</span> <span class='ocrx_word' id='word_1_70' title='bbox 1029 1371 1283 1458; x_wconf 85' lang='lat' dir='ltr'>Iustinianeis</span> <span class='ocrx_word' id='word_1_71' title='bbox 1318 1367 1546 1474; x_wconf 79' lang='lat' dir='ltr'>retinuisse,</span> <span class='ocrx_word' id='word_1_72' title='bbox 1575 1389 1687 1475; x_wconf 52' lang='grc' dir='ltr'>ωιτν,</span> 
     </span>
     <span class='ocr_line' id='line_1_11' title="bbox 368 1475 1674 1598; baseline -0.004 -28"><span class='ocrx_word' id='word_1_73' title='bbox 368 1481 443 1570; x_wconf 87' lang='lat' dir='ltr'>diu</span> <span class='ocrx_word' id='word_1_74' title='bbox 466 1475 765 1588; x_wconf 81' lang='lat' dir='ltr'>affirmandum,</span> <span class='ocrx_word' id='word_1_75' title='bbox 781 1481 915 1574; x_wconf 88' lang='lat' dir='ltr'>donec</span> <span class='ocrx_word' id='word_1_76' title='bbox 939 1513 1086 1572; x_wconf 92' lang='lat' dir='ltr'>eorum</span> <span class='ocrx_word' id='word_1_77' title='bbox 1113 1482 1328 1598; x_wconf 84' lang='lat' dir='ltr'>abrogatio</span> <span class='ocrx_word' id='word_1_78' title='bbox 1356 1479 1569 1576; x_wconf 77' lang='lat' dir='ltr'>doceamr.</span> <span class='ocrx_word' id='word_1_79' title='bbox 1624 1483 1674 1566; x_wconf 80' lang='lat' dir='ltr'>Et</span> 
     </span>
     <span class='ocr_line' id='line_1_12' title="bbox 367 1593 1673 1709; baseline -0.006 -21"><span class='ocrx_word' id='word_1_80' title='bbox 367 1623 467 1688; x_wconf 85' lang='lat' dir='ltr'>cum</span> <span class='ocrx_word' id='word_1_81' title='bbox 488 1599 575 1686; x_wconf 85' lang='lat' dir='ltr'>iura</span> <span class='ocrx_word' id='word_1_82' title='bbox 598 1597 724 1708; x_wconf 87' lang='lat' dir='ltr'>patria</span> <span class='ocrx_word' id='word_1_83' title='bbox 740 1599 784 1686; x_wconf 91' lang='lat' dir='ltr'>in</span> <span class='ocrx_word' id='word_1_84' title='bbox 801 1601 1021 1686; x_wconf 88' lang='lat' dir='ltr'>illustrium</span> <span class='ocrx_word' id='word_1_85' title='bbox 1038 1599 1164 1688; x_wconf 79' lang='lat' dir='ltr'>caulis</span> <span class='ocrx_word' id='word_1_86' title='bbox 1184 1593 1427 1684; x_wconf 82' lang='lat' dir='ltr'>tutelaribus</span> <span class='ocrx_word' id='word_1_87' title='bbox 1443 1596 1673 1709; x_wconf 79' lang='lat' dir='ltr'>peregrinas</span> 
     </span>
     <span class='ocr_line' id='line_1_13' title="bbox 367 1711 1674 1824; baseline -0.003 -24"><span class='ocrx_word' id='word_1_88' title='bbox 367 1711 744 1824; x_wconf 87' lang='lat' dir='ltr'>praeualeantleges</span> <span class='ocrx_word' id='word_1_89' title='bbox 762 1715 895 1820; x_wconf 83' lang='lat' dir='ltr'><strong>(§.XV</strong></span> <span class='ocrx_word' id='word_1_90' title='bbox 897 1715 1012 1820; x_wconf 88' lang='lat'>111.);</span> <span class='ocrx_word' id='word_1_91' title='bbox 1065 1712 1496 1824; x_wconf 78' lang='lat' dir='ltr'>AntiquaGermaniae</span> <span class='ocrx_word' id='word_1_92' title='bbox 1514 1712 1602 1795; x_wconf 86' lang='lat' dir='ltr'>iura</span> <span class='ocrx_word' id='word_1_93' title='bbox 1609 1731 1674 1796; x_wconf 90' lang='lat' dir='ltr'>tu·</span> 
     </span>
     <span class='ocr_line' id='line_1_14' title="bbox 368 1823 1674 1942; baseline -0.002 -30"><span class='ocrx_word' id='word_1_94' title='bbox 368 1824 508 1914; x_wconf 87' lang='lat' dir='ltr'>telaria</span> <span class='ocrx_word' id='word_1_95' title='bbox 529 1825 635 1910; x_wconf 88' lang='lat' dir='ltr'>inter</span> <span class='ocrx_word' id='word_1_96' title='bbox 655 1823 842 1934; x_wconf 78' lang='lat' dir='ltr'>illustres,</span> <span class='ocrx_word' id='word_1_97' title='bbox 857 1855 952 1942; x_wconf 89' lang='lat' dir='ltr'>prae</span> <span class='ocrx_word' id='word_1_98' title='bbox 977 1824 1141 1940; x_wconf 81' lang='lat' dir='ltr'>legibus</span> <span class='ocrx_word' id='word_1_99' title='bbox 1158 1827 1293 1934; x_wconf 64' lang='lat' dir='ltr'>valent</span> <span class='ocrx_word' id='word_1_100' title='bbox 1319 1826 1546 1939; x_wconf 80' lang='lat' dir='ltr'>peregrinis</span> <span class='ocrx_word' id='word_1_101' title='bbox 1572 1845 1674 1910; x_wconf 90' lang='lat' dir='ltr'>tam-</span> 
     </span>
     <span class='ocr_line' id='line_1_15' title="bbox 367 1937 1674 2058; baseline -0.003 -34"><span class='ocrx_word' id='word_1_102' title='bbox 367 1937 441 2026; x_wconf 91' lang='lat' dir='ltr'>diu</span> <span class='ocrx_word' id='word_1_103' title='bbox 465 1965 511 2026; x_wconf 85' lang='lat' dir='ltr'>ae</span> <span class='ocrx_word' id='word_1_104' title='bbox 534 1937 586 2026; x_wconf 80' lang='lat' dir='ltr'>&lt;le</span> <span class='ocrx_word' id='word_1_105' title='bbox 607 1964 756 2028; x_wconf 89' lang='lat' dir='ltr'>eorum</span> <span class='ocrx_word' id='word_1_106' title='bbox 781 1937 1050 2058; x_wconf 83' lang='lat' dir='ltr'>abrogatione</span> <span class='ocrx_word' id='word_1_107' title='bbox 1076 1962 1165 2028; x_wconf 89' lang='lat' dir='ltr'>non</span> <span class='ocrx_word' id='word_1_108' title='bbox 1187 1943 1352 2028; x_wconf 85' lang='lat' dir='ltr'>constat.</span> <span class='ocrx_word' id='word_1_109' title='bbox 1407 1943 1491 2026; x_wconf 88' lang='lat' dir='ltr'>lam</span> <span class='ocrx_word' id='word_1_110' title='bbox 1513 1965 1612 2024; x_wconf 88' lang='lat' dir='ltr'>vero</span> <span class='ocrx_word' id='word_1_111' title='bbox 1628 1965 1674 2023; x_wconf 84' lang='lat' dir='ltr'>er</span> 
     </span>
     <span class='ocr_line' id='line_1_16' title="bbox 368 2046 1675 2169; baseline -0.003 -29"><span class='ocrx_word' id='word_1_112' title='bbox 368 2053 565 2167; x_wconf 86' lang='lat' dir='ltr'>superiori</span> <span class='ocrx_word' id='word_1_113' title='bbox 590 2046 744 2140; x_wconf 71' lang='lat' dir='ltr'>constit</span> <span class='ocrx_word' id='word_1_114' title='bbox 769 2057 915 2169; x_wconf 84' lang='lat' dir='ltr'>cupite,</span> <span class='ocrx_word' id='word_1_115' title='bbox 923 2057 1101 2143; x_wconf 84' lang='lat' dir='ltr'>maiores</span> <span class='ocrx_word' id='word_1_116' title='bbox 1120 2057 1282 2142; x_wconf 86' lang='lat' dir='ltr'>nostros</span> <span class='ocrx_word' id='word_1_117' title='bbox 1304 2055 1349 2140; x_wconf 94' lang='lat' dir='ltr'>in</span> <span class='ocrx_word' id='word_1_118' title='bbox 1365 2049 1530 2139; x_wconf 87' lang='lat' dir='ltr'>allodiis</span> <span class='ocrx_word' id='word_1_119' title='bbox 1548 2078 1675 2163; x_wconf 89' lang='lat' dir='ltr'>aeque</span> 
     </span>
     <span class='ocr_line' id='line_1_17' title="bbox 170 2163 1675 2286; baseline -0.001 -32"><span class='ocrx_word' id='word_1_120' title='bbox 170 2261 178 2274; x_wconf 65' lang='grc'><strong>,</strong></span> <span class='ocrx_word' id='word_1_121' title='bbox 253 2222 258 2228; x_wconf 92' lang='grc'><strong>-</strong></span> <span class='ocrx_word' id='word_1_122' title='bbox 365 2193 416 2256; x_wconf 85' lang='lat' dir='ltr'>ac</span> <span class='ocrx_word' id='word_1_123' title='bbox 432 2163 567 2254; x_wconf 86' lang='lat' dir='ltr'>leudis</span> <span class='ocrx_word' id='word_1_124' title='bbox 588 2166 781 2255; x_wconf 81' lang='lat' dir='ltr'>existente</span> <span class='ocrx_word' id='word_1_125' title='bbox 807 2189 956 2286; x_wconf 87' lang='lat' dir='ltr'>agnato</span> <span class='ocrx_word' id='word_1_126' title='bbox 979 2167 1030 2254; x_wconf 87' lang='lat' dir='ltr'>ad</span> <span class='ocrx_word' id='word_1_127' title='bbox 1051 2172 1225 2256; x_wconf 85' lang='lat' dir='ltr'>tutelam</span> <span class='ocrx_word' id='word_1_128' title='bbox 1250 2165 1401 2272; x_wconf 88' lang='lat' dir='ltr'>habili,</span> <span class='ocrx_word' id='word_1_129' title='bbox 1438 2165 1575 2280; x_wconf 85' lang='lat' dir='ltr'>quoad</span> <span class='ocrx_word' id='word_1_130' title='bbox 1596 2191 1675 2252; x_wconf 90' lang='lat' dir='ltr'>ter·</span> 
     </span>
     <span class='ocr_line' id='line_1_18' title="bbox 368 2277 1677 2396; baseline -0.004 -26"><span class='ocrx_word' id='word_1_131' title='bbox 368 2306 507 2370; x_wconf 87' lang='lat' dir='ltr'>rarum</span> <span class='ocrx_word' id='word_1_132' title='bbox 539 2277 928 2370; x_wconf 75' lang='lat' dir='ltr'>administrationem</span> <span class='ocrx_word' id='word_1_133' title='bbox 959 2283 1080 2370; x_wconf 78' lang='lat' dir='ltr'>aliam</span> <span class='ocrx_word' id='word_1_134' title='bbox 1117 2312 1202 2372; x_wconf 92' lang='lat' dir='ltr'>non</span> <span class='ocrx_word' id='word_1_135' title='bbox 1238 2282 1448 2396; x_wconf 84' lang='lat' dir='ltr'>agnouisse</span> <span class='ocrx_word' id='word_1_136' title='bbox 1478 2279 1677 2386; x_wconf 88' lang='lat' dir='ltr'>tutelam,</span> 
     </span>
     <span class='ocr_line' id='line_1_19' title="bbox 367 2389 1675 2529; baseline -0.002 -47"><span class='ocrx_word' id='word_1_137' title='bbox 367 2421 491 2508; x_wconf 83' lang='lat' dir='ltr'>quarn</span> <span class='ocrx_word' id='word_1_138' title='bbox 507 2389 756 2529; x_wconf 79' lang='lat' dir='ltr'>legitimam,</span> <span class='ocrx_word' id='word_1_139' title='bbox 771 2417 812 2482; x_wconf 88' lang='lat' dir='ltr'>et</span> <span class='ocrx_word' id='word_1_140' title='bbox 828 2395 907 2486; x_wconf 85' lang='lat' dir='ltr'>hac</span> <span class='ocrx_word' id='word_1_141' title='bbox 922 2395 1094 2500; x_wconf 88' lang='lat' dir='ltr'>demum</span> <span class='ocrx_word' id='word_1_142' title='bbox 1109 2395 1326 2486; x_wconf 82' lang='lat' dir='ltr'>deficiente</span> <span class='ocrx_word' id='word_1_143' title='bbox 1341 2394 1675 2504; x_wconf 81' lang='lat' dir='ltr'>testamentariam</span> 
     </span>
     <span class='ocr_line' id='line_1_20' title="bbox 264 2507 1823 2625; baseline 0 -31"><span class='ocrx_word' id='word_1_144' title='bbox 264 2549 269 2557; x_wconf 58' lang='lat'>¹</span> <span class='ocrx_word' id='word_1_145' title='bbox 368 2531 409 2594; x_wconf 89' lang='lat' dir='ltr'>et</span> <span class='ocrx_word' id='word_1_146' title='bbox 427 2509 633 2621; x_wconf 69' lang='lat' dir='ltr'>pallitram</span> <span class='ocrx_word' id='word_1_147' title='bbox 655 2507 935 2616; x_wconf 81' lang='lat' dir='ltr'>admifill&#39;e(x).</span> <span class='ocrx_word' id='word_1_148' title='bbox 990 2509 1139 2596; x_wconf 80' lang='lat' dir='ltr'>Eadem</span> <span class='ocrx_word' id='word_1_149' title='bbox 1164 2537 1334 2625; x_wconf 89' lang='lat' dir='ltr'>quoque</span> <span class='ocrx_word' id='word_1_150' title='bbox 1350 2508 1555 2624; x_wconf 86' lang='lat' dir='ltr'>principia</span> <span class='ocrx_word' id='word_1_151' title='bbox 1568 2509 1673 2595; x_wconf 91' lang='lat' dir='ltr'>inter</span> <span class='ocrx_word' id='word_1_152' title='bbox 1822 2540 1823 2579; x_wconf 84' lang='lat'>;</span> 
     </span>
     <span class='ocr_line' id='line_1_21' title="bbox 367 2619 1668 2737; baseline 0 -29"><span class='ocrx_word' id='word_1_153' title='bbox 367 2619 542 2708; x_wconf 88' lang='lat' dir='ltr'>illustres</span> <span class='ocrx_word' id='word_1_154' title='bbox 558 2619 630 2707; x_wconf 88' lang='lat' dir='ltr'>libi</span> <span class='ocrx_word' id='word_1_155' title='bbox 653 2619 797 2710; x_wconf 89' lang='lat' dir='ltr'>locum</span> <span class='ocrx_word' id='word_1_156' title='bbox 814 2623 1051 2729; x_wconf 80' lang='lat' dir='ltr'>vindic-alie,</span> <span class='ocrx_word' id='word_1_157' title='bbox 1073 2627 1249 2736; x_wconf 88' lang='lat' dir='ltr'>probant</span> <span class='ocrx_word' id='word_1_158' title='bbox 1266 2624 1462 2737; x_wconf 82' lang='lat' dir='ltr'>exempla,</span> <span class='ocrx_word' id='word_1_159' title='bbox 1479 2650 1528 2708; x_wconf 81' lang='lat' dir='ltr'>er</span> <span class='ocrx_word' id='word_1_160' title='bbox 1542 2624 1668 2708; x_wconf 88' lang='lat' dir='ltr'>omni·</span> 
     </span>
     <span class='ocr_line' id='line_1_22' title="bbox 367 2733 1661 2849; baseline -0.005 -27"><span class='ocrx_word' id='word_1_161' title='bbox 367 2733 447 2822; x_wconf 93' lang='lat' dir='ltr'>bus</span> <span class='ocrx_word' id='word_1_162' title='bbox 465 2735 549 2820; x_wconf 85' lang='lat' dir='ltr'>fere</span> <span class='ocrx_word' id='word_1_163' title='bbox 568 2735 808 2844; x_wconf 73' lang='lat' dir='ltr'>Gennanine</span> <span class='ocrx_word' id='word_1_164' title='bbox 827 2763 1049 2848; x_wconf 84' lang='lat' dir='ltr'>procerum</span> <span class='ocrx_word' id='word_1_165' title='bbox 1071 2739 1238 2825; x_wconf 86' lang='lat' dir='ltr'>familiis</span> <span class='ocrx_word' id='word_1_166' title='bbox 1264 2739 1414 2849; x_wconf 88' lang='lat' dir='ltr'>quinto</span> <span class='ocrx_word' id='word_1_167' title='bbox 1428 2735 1591 2824; x_wconf 77' lang='lat' dir='ltr'>addulla</span> <span class='ocrx_word' id='word_1_168' title='bbox 1604 2761 1661 2820; x_wconf 70' lang='lat' dir='ltr'>ca</span> 
     </span>
     <span class='ocr_line' id='line_1_23' title="bbox 365 2843 1669 2966; baseline 0 -34"><span class='ocrx_word' id='word_1_169' title='bbox 365 2848 464 2964; x_wconf 89' lang='lat' dir='ltr'>pite.</span> <span class='ocrx_word' id='word_1_170' title='bbox 516 2843 557 2934; x_wconf 88' lang='lat' dir='ltr'>Sl</span> <span class='ocrx_word' id='word_1_171' title='bbox 578 2847 691 2937; x_wconf 91' lang='lat' dir='ltr'>enim</span> <span class='ocrx_word' id='word_1_172' title='bbox 713 2849 899 2962; x_wconf 78' lang='lat' dir='ltr'>anthuas</span> <span class='ocrx_word' id='word_1_173' title='bbox 922 2849 1161 2966; x_wconf 77' lang='lat' dir='ltr'>principum</span> <span class='ocrx_word' id='word_1_174' title='bbox 1184 2851 1360 2938; x_wconf 83' lang='lat' dir='ltr'>familias</span> <span class='ocrx_word' id='word_1_175' title='bbox 1377 2851 1591 2964; x_wconf 78' lang='lat' dir='ltr'>percurris,</span> <span class='ocrx_word' id='word_1_176' title='bbox 1611 2848 1669 2932; x_wconf 82' lang='lat' dir='ltr'>la·</span> 
     </span>
     <span class='ocr_line' id='line_1_24' title="bbox 368 2958 1675 3078; baseline -0.001 -30"><span class='ocrx_word' id='word_1_177' title='bbox 368 2962 525 3068; x_wconf 67' lang='lat' dir='ltr'>&lt;illime</span> <span class='ocrx_word' id='word_1_178' title='bbox 538 2958 760 3078; x_wconf 70' lang='lat' dir='ltr'>¹obseruare</span> <span class='ocrx_word' id='word_1_179' title='bbox 778 2961 942 3059; x_wconf 86' lang='lat' dir='ltr'>licebit,</span> <span class='ocrx_word' id='word_1_180' title='bbox 966 2981 1113 3059; x_wconf 83' lang='lat' dir='ltr'>omnes</span> <span class='ocrx_word' id='word_1_181' title='bbox 1136 2965 1220 3052; x_wconf 86' lang='lat' dir='ltr'>lere</span> <span class='ocrx_word' id='word_1_182' title='bbox 1237 2969 1428 3058; x_wconf 84' lang='lat' dir='ltr'>existente</span> <span class='ocrx_word' id='word_1_183' title='bbox 1444 2989 1594 3078; x_wconf 86' lang='lat' dir='ltr'>agnato</span> <span class='ocrx_word' id='word_1_184' title='bbox 1606 2959 1675 3048; x_wconf 78' lang='lat' dir='ltr'>ha-</span> 
     </span>
     <span class='ocr_line' id='line_1_25' title="bbox 366 3073 1677 3193; baseline -0.001 -31"><span class='ocrx_word' id='word_1_185' title='bbox 366 3073 461 3174; x_wconf 87' lang='lat' dir='ltr'>bili,</span> <span class='ocrx_word' id='word_1_186' title='bbox 484 3073 620 3186; x_wconf 84' lang='lat' dir='ltr'>quoad</span> <span class='ocrx_word' id='word_1_187' title='bbox 642 3075 953 3186; x_wconf 79' lang='lat' dir='ltr'>prouinciarum</span> <span class='ocrx_word' id='word_1_188' title='bbox 968 3081 1160 3192; x_wconf 79' lang='lat' dir='ltr'>regimen·</span> <span class='ocrx_word' id='word_1_189' title='bbox 1175 3079 1343 3166; x_wconf 88' lang='lat' dir='ltr'>tutelam</span> <span class='ocrx_word' id='word_1_190' title='bbox 1367 3107 1453 3166; x_wconf 91' lang='lat' dir='ltr'>non</span> <span class='ocrx_word' id='word_1_191' title='bbox 1476 3077 1550 3163; x_wconf 79' lang='lat' dir='ltr'>nili</span> <span class='ocrx_word' id='word_1_192' title='bbox 1575 3078 1677 3193; x_wconf 89' lang='lat' dir='ltr'>legi·</span> 
     </span>
     <span class='ocr_line' id='line_1_26' title="bbox 367 3187 1678 3306; baseline -0.001 -30"><span class='ocrx_word' id='word_1_193' title='bbox 367 3191 510 3295; x_wconf 82' lang='lat' dir='ltr'>timam</span> <span class='ocrx_word' id='word_1_194' title='bbox 534 3187 691 3293; x_wconf 80' lang='lat' dir='ltr'>tulisse,</span> <span class='ocrx_word' id='word_1_195' title='bbox 715 3215 863 3299; x_wconf 86' lang='lat' dir='ltr'>easque</span> <span class='ocrx_word' id='word_1_196' title='bbox 885 3189 1080 3295; x_wconf 86' lang='lat' dir='ltr'>familias,</span> <span class='ocrx_word' id='word_1_197' title='bbox 1101 3219 1206 3306; x_wconf 86' lang='lat' dir='ltr'>quae</span> <span class='ocrx_word' id='word_1_198' title='bbox 1234 3191 1363 3279; x_wconf 86' lang='lat' dir='ltr'>hodie</span> <span class='ocrx_word' id='word_1_199' title='bbox 1392 3215 1553 3306; x_wconf 90' lang='lat' dir='ltr'>praeter</span> <span class='ocrx_word' id='word_1_200' title='bbox 1575 3192 1678 3306; x_wconf 86' lang='lat' dir='ltr'>legi·</span> 
     </span>
     <span class='ocr_line' id='line_1_27' title="bbox 366 3298 1678 3418; baseline 0.002 -30"><span class='ocrx_word' id='word_1_201' title='bbox 366 3298 537 3406; x_wconf 77' lang='lat' dir='ltr'>rimam,</span> <span class='ocrx_word' id='word_1_202' title='bbox 561 3305 896 3409; x_wconf 83' lang='lat' dir='ltr'>testamentariam</span> <span class='ocrx_word' id='word_1_203' title='bbox 920 3331 1089 3418; x_wconf 89' lang='lat' dir='ltr'>quoque</span> <span class='ocrx_word' id='word_1_204' title='bbox 1115 3330 1156 3392; x_wconf 91' lang='lat' dir='ltr'>et</span> <span class='ocrx_word' id='word_1_205' title='bbox 1188 3330 1411 3393; x_wconf 77' lang='lat' dir='ltr'>maternam</span> <span class='ocrx_word' id='word_1_206' title='bbox 1451 3307 1678 3416; x_wconf 87' lang='lat' dir='ltr'>admittunt</span> 
     </span>
     <span class='ocr_line' id='line_1_28' title="bbox 366 3415 1678 3527; baseline -0.001 -24"><span class='ocrx_word' id='word_1_207' title='bbox 366 3416 567 3510; x_wconf 84' lang='lat' dir='ltr'>tutelam,</span> <span class='ocrx_word' id='word_1_208' title='bbox 590 3436 660 3500; x_wconf 87' lang='lat' dir='ltr'>aut</span> <span class='ocrx_word' id='word_1_209' title='bbox 681 3415 910 3504; x_wconf 84' lang='lat' dir='ltr'>recentiore</span> <span class='ocrx_word' id='word_1_210' title='bbox 936 3441 1047 3527; x_wconf 84' lang='lat' dir='ltr'>ortas</span> <span class='ocrx_word' id='word_1_211' title='bbox 1071 3421 1146 3519; x_wconf 86' lang='lat' dir='ltr'>else</span> <span class='ocrx_word' id='word_1_212' title='bbox 1167 3434 1323 3521; x_wconf 73' lang='lat' dir='ltr'>aetate3</span> <span class='ocrx_word' id='word_1_213' title='bbox 1345 3444 1415 3508; x_wconf 90' lang='lat' dir='ltr'>aut</span> <span class='ocrx_word' id='word_1_214' title='bbox 1437 3421 1567 3508; x_wconf 75' lang='lat' dir='ltr'>saltim</span> <span class='ocrx_word' id='word_1_215' title='bbox 1583 3443 1678 3504; x_wconf 89' lang='lat' dir='ltr'>ante</span> 
     </span>
     <span class='ocr_line' id='line_1_29' title="bbox 366 3525 1819 3723; baseline 0.002 -108"><span class='ocrx_word' id='word_1_216' title='bbox 366 3527 511 3644; x_wconf 73' lang='lat' dir='ltr'>saeculi</span> <span class='ocrx_word' id='word_1_217' title='bbox 537 3525 689 3613; x_wconf 86' lang='lat' dir='ltr'>decimi</span> <span class='ocrx_word' id='word_1_218' title='bbox 715 3529 849 3723; x_wconf 54' lang='lat' dir='ltr'>guinti</span> <span class='ocrx_word' id='word_1_219' title='bbox 876 3527 1002 3616; x_wconf 90' lang='lat' dir='ltr'>finem</span> <span class='ocrx_word' id='word_1_220' title='bbox 1026 3526 1416 3643; x_wconf 82' lang='lat' dir='ltr'>agnatum&#39;habilem</span> <span class='ocrx_word' id='word_1_221' title='bbox 1435 3563 1457 3620; x_wconf 92' lang='lat' dir='ltr'>a</span> <span class='ocrx_word' id='word_1_222' title='bbox 1474 3534 1682 3650; x_wconf 78' lang='lat' dir='ltr'>regimine</span> <span class='ocrx_word' id='word_1_223' title='bbox 1818 3544 1819 3551; x_wconf 68' lang='lat'>‘</span> 
     </span>
     <span class='ocr_line' id='line_1_30' title="bbox 365 3632 1684 3762; baseline 0.005 -36"><span class='ocrx_word' id='word_1_224' title='bbox 365 3671 451 3730; x_wconf 88' lang='lat' dir='ltr'>non</span> <span class='ocrx_word' id='word_1_225' title='bbox 469 3639 688 3738; x_wconf 83' lang='lat' dir='ltr'>exclusrlle,</span> <span class='ocrx_word' id='word_1_226' title='bbox 730 3640 852 3753; x_wconf 78' lang='lat' dir='ltr'>reque</span> <span class='ocrx_word' id='word_1_227' title='bbox 867 3645 1058 3732; x_wconf 85' lang='lat' dir='ltr'>existente</span> <span class='ocrx_word' id='word_1_228' title='bbox 1074 3670 1222 3760; x_wconf 85' lang='lat' dir='ltr'>agnato</span> <span class='ocrx_word' id='word_1_229' title='bbox 1242 3645 1384 3742; x_wconf 84' lang='lat' dir='ltr'>habili,</span> <span class='ocrx_word' id='word_1_230' title='bbox 1400 3649 1534 3735; x_wconf 90' lang='lat' dir='ltr'>solum</span> <span class='ocrx_word' id='word_1_231' title='bbox 1548 3632 1684 3762; x_wconf 57' lang='lat' dir='ltr'>agno}</span> 
     </span>
     <span class='ocr_line' id='line_1_31' title="bbox 367 3751 1683 3876; baseline 0.003 -34"><span class='ocrx_word' id='word_1_232' title='bbox 367 3757 468 3857; x_wconf 84' lang='lat' dir='ltr'>uille</span> <span class='ocrx_word' id='word_1_233' title='bbox 490 3751 726 3867; x_wconf 89' lang='lat' dir='ltr'>legitimum</span> <span class='ocrx_word' id='word_1_234' title='bbox 754 3777 949 3842; x_wconf 88' lang='lat' dir='ltr'>tutorem.</span> <span class='ocrx_word' id='word_1_235' title='bbox 1007 3761 1065 3843; x_wconf 81' lang='lat' dir='ltr'>lix</span> <span class='ocrx_word' id='word_1_236' title='bbox 1089 3755 1240 3872; x_wconf 86' lang='lat' dir='ltr'>quibus</span> <span class='ocrx_word' id='word_1_237' title='bbox 1263 3764 1415 3876; x_wconf 35' lang='lat' dir='ltr'>&#39;regula</span> <span class='ocrx_word' id='word_1_238' title='bbox 1435 3763 1609 3874; x_wconf 86' lang='lat' dir='ltr'>profluit</span> <span class='ocrx_word' id='word_1_239' title='bbox 1624 3764 1683 3875; x_wconf 79' lang='lat' dir='ltr'>le-</span> 
     </span>
     <span class='ocr_line' id='line_1_32' title="bbox 228 3865 1687 4076; baseline 0.002 -118"><span class='ocrx_word' id='word_1_240' title='bbox 228 3988 232 3999; x_wconf 30' lang='grc'><em>.</em></span> <span class='ocrx_word' id='word_1_241' title='bbox 368 3865 528 3960; x_wconf 85' lang='lat' dir='ltr'>cunda:</span> <span class='ocrx_word' id='word_1_242' title='bbox 567 3867 815 4005; x_wconf 28' lang='lat' dir='ltr'>Germanica!</span> <span class='ocrx_word' id='word_1_243' title='bbox 841 3871 939 3999; x_wconf 54' lang='grc' dir='ltr'>ἰυςᾳζ</span> <span class='ocrx_word' id='word_1_244' title='bbox 949 3870 1144 3984; x_wconf 80' lang='lat' dir='ltr'>proximo</span> <span class='ocrx_word' id='word_1_245' title='bbox 1168 3897 1317 3992; x_wconf 85' lang='lat' dir='ltr'>agnato</span> <span class='ocrx_word' id='word_1_246' title='bbox 1344 3873 1474 3964; x_wconf 85' lang='lat' dir='ltr'>habili</span> <span class='ocrx_word' id='word_1_247' title='bbox 1504 3877 1687 4076; x_wconf 46' lang='lat' dir='ltr'>tutelam</span> 
     </span>
     <span class='ocr_line' id='line_1_33' title="bbox 868 4012 1817 4078; baseline -0.006 -29"><span class='ocrx_word' id='word_1_248' title='bbox 868 4019 874 4028; x_wconf 90' lang='lat'><strong>·</strong></span> <span class='ocrx_word' id='word_1_249' title='bbox 1342 4012 1349 4049; x_wconf 82' lang='lat' dir='ltr'>r</span> <span class='ocrx_word' id='word_1_250' title='bbox 1530 4023 1534 4029; x_wconf 91' lang='lat'>·</span> <span class='ocrx_word' id='word_1_251' title='bbox 1641 4017 1692 4078; x_wconf 63' lang='lat' dir='ltr'>e·</span> <span class='ocrx_word' id='word_1_252' title='bbox 1816 4040 1817 4043; x_wconf 74' lang='grc'>,</span> 
     </span>
    </p>
   </div>
   <div class='ocr_carea' id='block_1_3' title="bbox 314 4064 1095 4220">
    <p class='ocr_par' dir='ltr' id='par_1_3' title="bbox 314 4064 1095 4220">
     <span class='ocr_line' id='line_1_34' title="bbox 314 4064 1095 4220; baseline -0.005 -34"><span class='ocrx_word' id='word_1_253' title='bbox 314 4083 321 4092; x_wconf 44' lang='grc'><strong><em>’</em></strong></span> <span class='ocrx_word' id='word_1_254' title='bbox 414 4113 472 4212; x_wconf 82' lang='lat' dir='ltr'>(x)</span> <span class='ocrx_word' id='word_1_255' title='bbox 509 4105 647 4220; x_wconf 77' lang='lat' dir='ltr'>Confer.</span> <span class='ocrx_word' id='word_1_256' title='bbox 670 4131 742 4210; x_wconf 85' lang='lat' dir='ltr'>cap.</span> <span class='ocrx_word' id='word_1_257' title='bbox 757 4110 811 4186; x_wconf 89' lang='lat' dir='ltr'>Vl.</span> <span class='ocrx_word' id='word_1_258' title='bbox 831 4113 865 4200; x_wconf 86' lang='lat'>§.</span> <span class='ocrx_word' id='word_1_259' title='bbox 881 4064 1050 4205; x_wconf 46' lang='lat'>232139&#39;(</span> <span class='ocrx_word' id='word_1_260' title='bbox 1076 4094 1095 4134; x_wconf 64' lang='lat'>²</span> 
     </span>
    </p>
   </div>
   <div class='ocr_carea' id='block_1_4' title="bbox 0 0 1872 4734">
    <p class='ocr_par' dir='ltr' id='par_1_4' title="bbox 0 0 1872 4734">
     <span class='ocr_line' id='line_1_35' title="bbox 0 0 1872 4734; baseline 0 0"><span class='ocrx_word' id='word_1_261' title='bbox 0 0 1872 4734; x_wconf 95' lang='lat' dir='ltr'> </span> 
     </span>
    </p>
   </div>
  </div>
 </body>
</html>
