3734 4734
731 260 898 361 illujlrium
949 236 1135 341 canusinis.
1172 248 1208 329 .’
1509 284 1578 359 213
1607 301 1613 314 ·

271 430 402 521 saltim
434 426 545 515 filios
567 428 746 541 reliquit
775 428 1021 544 legitimae,
1062 428 1263 534 Darium,
1307 428 1487 519 Ariatem
1532 452 1582 531 et¹

271 546 469 643 Ochum,
497 570 544 629 ex
583 544 737 656 quibus
769 548 967 644 Darium,
990 548 1085 659 quia
1118 542 1322 633 maximus
1353 570 1437 633 erat
1461 566 1574 644 natu,

184 660 191 675 '
275 686 416 753 contra
432 686 595 743 morem
615 660 843 765 Persarum,
866 659 973 773 apud
996 688 1119 771 quoa·
1134 662 1218 751 Rex
1233 686 1319 745 non
1342 662 1414 745 nisi
1436 680 1573 747 morte

271 774 524 872 mutabatur,
550 792 621 885 per
636 774 935 891 indulgentiam
959 776 1081 862 viuus
1105 801 1244 889 regem
1262 773 1389 874 fecit,
1426 803 1473 863 eir
1497 771 1575 861 hac

273 890 533 1004 potisfimum
565 889 742 987 ratione,
779 910 823 973 vt
845 888 953 1001 spem
973 888 1378 1003 praecideretOeho
1400 886 1487 977 filio
1514 892 1584 977 iu«

273 1004 379 1119 niori
401 1030 579 1117 regnum
595 1000 798 1115 adpetenti
811 1005 886 1109 (l).
940 1008 1022 1091 Lex
1044 1028 1181 1091 autem
1204 1026 1288 1093 erat
1304 1002 1411 1117 apud
1427 1002 1574 1103 Persas,

250 1140 318 1230 ¹pt
344 1116 573 1231 designatus
599 1119 683 1204 Rex
704 1115 863 1217 (lorium
888 1140 1078 1231 peteret,
1096 1143 1137 1206 et
1158 1116 1289 1217 daret,
1312 1121 1384 1229 qui
1401 1117 1575 1232 defigna·

274 1228 558 1331 uerat,mod0
582 1226 669 1318 fieri
685 1233 812 1343 posset
836 1231 1039 1347 quidquid
1056 1234 1149 1320 esset
1166 1234 1356 1345 petitum.
1392 1266 1395 1271 ·
1438 1230 1593 1355 Poposs-

273 1348 346 1433 scit
382 1346 512 1460 igitur
541 1348 690 1433 Darius
724 1348 944 1458 Aspafiam,
976 1376 1099 1459 quam
1122 1350 1257 1461 Cyrus
1291 1346 1422 1433 suerat
1453 1348 1575 1433 vnice

275 1462 539 1571 complexus,
555 1482 597 1545 et
611 1482 695 1549 erat
724 1460 793 1545 illa
817 1488 863 1545 ea
879 1464 1112 1573 tempestate
1135 1464 1242 1576 regis
1269 1460 1411 1573 pellex.
1463 1458 1575 1551 Pho·

277 1574 404 1660 censis
426 1598 574 1687 genere
595 1574 677 1660 fuit
693 1602 714 1657 a
731 1576 867 1674 Ionia,
896 1573 1244 1687 parentibus-orta
1263 1574 1455 1691 ingenuis
1471 1638 1483 1679 ,
1520 1596 1576 1659 at-

280 1716 362 1797 que
381 1688 546 1773 educata
564 1685 794 1777 liberaliter.
850 1691 978 1803 Capta
993 1690 1094 1789 suit,
1113 1718 1245 1801 quum
1254 1692 1390 1803 Cyrus
1407 1690 1576 1801 inproe·

281 1802 340 1917 lio
357 1798 611 1892 occubuisset
628 1826 668 1888 et
685 1802 959 1916 diriperentur
985 1810 1104 1891 casira
1130 1806 1231 1891 eiua.
1284 1806 1399 1893 Hanc
1424 1804 1578 1891 Dariu's

198 1929 202 1936 '
274 1944 404 2031 quum
417 1917 608 2029 petiisset,
623 1917 853 2005 momordit
867 1942 1036 2031 patrem.
1088 1916 1379 2005 Barbarienim
1397 1918 1443 2003 i'ri
1464 1944 1575 2001 amu

274 2028 389 2122 ribus
406 2030 529 2147 ‘graui
554 2032 825 2119 aemulatione
840 2033 1012 2145 praediti
1034 2032 1155 2129 sunt,
1183 2056 1228 2119 vt
1249 2062 1335 2121 non
1352 2031 1422 2117 ille
1444 2028 1574 2137 mon
1660 2052 1662 2057 ·

273 2146 345 2256 qui
367 2145 631 2256 appellauerit
654 2170 695 2233 et
719 2148 897 2260 attigerit
916 2150 1026 2261 regis
1042 2148 1260 2256 pellicem,
1279 2148 1576 2241 verumetiam,

274 2260 344 2371 qui
370 2261 541 2371 propius
565 2260 610 2345 iu
639 2261 783 2346 itinere
817 2264 1080 2371 praeterlatus
1111 2259 1235 2345 suerit
1258 2282 1298 2344 et
1321 2260 1576 2370 praeuesius,

301 2372 427 2462 uibus
455 2396 693 2487 portantur,
716 2373 907 2484 plaustra,
941 2374 1071 2485 eapite
1100 2372 1197 2457 luat.
1256 2374 1325 2457 Ast
1348 2370 1575 2483 postulatus

228 2478 240 2500 ⁸
273 2402 325 2574 ge
342 2489 516 2599 Aspasia,
530 2488 641 2573 illam
664 2483 834 2573 liberam
856 2488 910 2573 ait
927 2490 1004 2575 else
1016 2510 1036 2597 ‚⁴
1045 2488 1248 2599 acciperet
1264 2516 1352 2575 eam
1368 2486 1490 2605 ipsius
1505 2510 1578 2568 vo·
1632 2578 1637 2583 ,

274 2602 452 2701 luntate,
475 2602 561 2689 vini
580 2631 632 2689 iie
647 2604 804 2693 afferret
825 2603 991 2691 inuitae.
1044 2602 1233 2689 Adcitam
1247 2604 1480 2715 ¹Aspasiani,
1506 2593 1577 2683 vbi

246 2748 252 2759 ·
276 2738 433 2827 praeter
454 2718 773 2829 &imilationem
791 2720 905 2831 iegis'
925 2720 1052 2833 elegit
1069 2720 1244 2818 DariuS,
1275 2717 1387 2805 dedit
1411 2710 1579 2828 quidem

274 2832 314 2918 ei
337 2858 388 2947 eii
402 2830 508 2945 legis
529 2834 784 2933 necessitate,
821 2834 886 2922 secl
918 2832 1054 2933 datam
1076 2834 1200 2947 paulo
1223 2837 1314 2946 post
1334 2832 1501 2945 eripuit.

839 3036 878 3138 t.
940 3032 1010 3117 iv.

250 3226 255 3232 ⁴
284 3243 291 3253 .
388 3167 454 3251 De
471 3163 701 3252 Alexandro
719 3171 781 3256 M.
806 3168 910 3256 dicit
935 3194 1207 3255 uiououvs·
1227 3188 1440 3255 sicvnvs
1472 3162 1576 3268 (m):
1611 3252 1614 3257 .

275 3274 491 3367 concubinas
512 3281 657 3394 iifiiper
662 3305 776 3395 prout
799 3292 943 3369 Darius
962 3288 1212 3391 coiffueuerat,
1243 3280 1502 3365 circumducere
1527 3275 1580 3374 β’-
1667 3300 1668 3307 ‘

276 3414 353 3475 cuni
384 3404 507 3510 cepit,
533 3422 687 3511 quatum
709 3395 818 3481 turba
846 3397 984 3507 dierum
1013 3426 1156 3480 numero
1181 3393 1279 3479 haud
1307 3398 1464 3486 imerior
1487 3406 1580 3476 erat·

276 3504 545 3599 Pulchritudi'ne
564 3530 703 3613 autem,
726 3534 848 3624 utpote
868 3542 915 3592 cx
929 3513 1097 3603 foeminis
1108 3534 1178 3619 per
1198 3532 1314 3593 totam
1328 3509 1449 3613 Afiam
1469 3524 1582 3621 prae·

233 3616 421 3730 -stuntiffl
434 3622 601 3721 delean,
621 3620 833 3725 eminebant.
889 3628 972 3709 Hae
970 3618 1044 3731 fieb
1067 3650 1346 3750 unamquemque
1367 3620 1499 3711 nossem
1525 3642 1584 3721 re·

732 3780 772 3859 η
885 3736 1043 3857 Die
1517 3736 1584 3847 tis

330 3928 957 4026 (¹)Ptv1tueiivett1vsiiuvs
978 3936 1056 4020 c,l.¹
1569 3938 1572 3943 '

298 4141 303 4152 ,
343 4064 395 4151 iu)
418 4046 603 4159 aoniam
620 4087 655 4161 p.
670 4077 754 4155 635,
