3734 4734
399 250 535 326 tutelam
552 251 725 328 adodidem
737 271 770 325 et
773 248 944 351 seudaie'su
959 273 1101 330 uitentur
1107 263 1301 362 generatim.
1444 275 1518 360 603
1634 357 1641 368 ι

191 417 517 546 piuodiumbaben
523 423 638 530 stmul
658 449 766 546 atque
788 424 830 512 de
849 426 950 512 obitu
963 435 1134 544 parentis
1153 436 1290 530 tutior
1306 429 1432 532 sadus
1454 430 1515 542 ost,
1744 527 1750 534 ,

193 569 336 628 martum
357 539 452 625 iiiito
466 544 508 624 iu
531 543 659 655 eorpus
679 541 810 656 pupidi
836 549 960 630 iniitit
982 568 1019 626 et
1035 541 1226 660 praedium
1251 566 1423 660 occupat,
1452 573 1513 629 ets·
1608 604 1618 618 „
1701 573 1707 594 ·
1822 583 1826 594 ·

193 662 253 740 ius
272 650 447 758 tot'tnndda
471 651 521 738 ad
542 657 656 772 ipfittn
682 651 800 762 stolide
828 653 1196 776 perueniuntxadsqtte
1211 685 1265 753 eo,
1287 680 1327 740 vr
1349 664 1513 764 rationes

184 767 309 968 {eliae
322 767 645 874 administrationis
669 772 833 866 referat,
861 768 959 852 modo
985 773 1158 886 pupillum
1189 769 1404 878 educauerit.
1459 774 1509 856 In
1530 796 1558 856 s

224 882 332 983 notin
358 881 533 967 tutelam
555 879 716 986 domini
742 880 1073 970 vsufruiiumiam
1097 881 1242 971 itidem
1266 883 1413 968 iocum
1433 881 1506 970 hn-
1605 925 1611 932 ·

125 1073 130 1078 .
187 991 298 1102 bete,
323 1001 488 1088 testatur
507 1023 771 1094 mntnsnns
810 1024 1037 1088 scamni
1069 999 1157 1115 (t)z
1207 998 1355 1084 Plenam
1381 1006 1507 1114 iraque

192 1108 385 1214 eustadium
411 1135 448 1194 et
494 1111 672 1216 oteliatem
688 1108 817 1200 babent
840 1118 993 1198 Domini
1013 1109 1369 1216 baereduonfaoruno
1393 1108 1506 1195 housi-

194 1253 301 1320 ttttm,
325 1248 360 1308 et
373 1135 586 1328 frondeum:
613 1233 671 1310 ita
687 1221 784 1342 quad
825 1225 941 1324 lenam
956 1225 1039 1312 inde
1060 1221 1214 1310 babeam
1235 1225 1509 1339 dispositionem.-

150 1443 157 1455 .
192 1360 237 1422 vt
261 1344 301 1419 in
323 1339 502 1448 Eceieſsis,
527 1347 568 1422 in
584 1369 705 1429 eorum
733 1370 775 1444 cu
804 1338 887 1424 odia
901 1339 1113 1447 constitutis,
1132 1336 1375 1436 concedendis,
1388 1337 1431 1443 st
1442 1367 1508 1424 aa·

194 1455 373 1535 taumint.
426 1457 477 1540 D
498 1459 538 1538 in
554 1451 820 1560 mulieribus‚fi
829 1480 921 1572 quae
933 1449 1105 1539 incorum
1116 1450 1273 1556 custodia
1287 1449 1508 1557 exstiterinn

193 1561 422 1652 maritandis.
473 1573 525 1652 Et
544 1571 587 1652 in
614 1568 702 1652 aliis
728 1573 884 1686 negotiis
911 1563 1162 1684 desponendis,
1192 1562 1385 1675 fieundum
1414 1562 1533 1682 quod

195 1686 350 1792 propria
373 1709 493 1766 eorum
515 1688 662 1799 negotia
676 1679 995 1878 deponerefhlent.
1050 1677 1163 1794 Nihil
1180 1703 1299 1768 tamen
1320 1675 1363 1762 de
1382 1674 1509 1799 daere-

165 1872 167 1880 ,
195 1789 309 1888 ditate
323 1795 487 1880 alienare
500 1799 659 1911 poffunt,
679 1824 706 1880 a
743 1801 1015 1904 rtoeauemtam,
1034 1823 1097 1880 nee
1113 1793 1267 1888 vberius
1277 1855 1291 1900 ,
1335 1820 1418 1876 uam
1430 1792 1508 1876 ido·

177 1935 275 2008 Arum
296 1907 450 2012 custodia
472 1907 597 2020 durat,
651 1915 709 1993 ita
737 1932 856 1992 tamen
878 1907 972 2025 quod
982 1905 1158 1994 haeredes
1188 1908 1283 2024 ipsos
1304 1818 1507 2009 donorifim
1574 1943 1584 1962 ·

189 2042 263 2134 pro
287 2021 493 2135 quantitate
517 2019 758 2108 haereditatis
783 2044 820 2105 er
850 2028 1050 2136 temporis,
1083 2027 1233 2106 interim
1252 2019 1505 2125 sustentabunt.

196 2127 335 2216 Debita
364 2142 475 2218 eriam
496 2133 672 2238 defismii,
687 2159 757 2252 pro
784 2139 1003 2252 quantitate·
1018 2133 1258 2220 haereditatis
1277 2157 1313 2216 er
1331 2139 1507 2246 temporis

186 2263 263 2359 pro
280 2247 352 2330 iuis
366 2252 406 2330 in
426 2243 659 2354 custodiasua
674 2247 884 2354 constitutis,
905 2252 1121 2364 acquietettt.
1146 2338 1150 2346 ,
1174 2251 1224 2334 Et
1237 2243 1282 2330 de
1295 2241 1425 2332 debitis
1439 2273 1506 2328 an·

191 2357 393 2466 tecefforum
413 2359 620 2476 respondere
634 2385 837 2446 teneantur.
892 2366 1050 2475 Negotia
1066 2387 1201 2477 quoque
1214 2355 1402 2442 haeredum
1415 2384 1504 2472 npe-

194 2499 239 2554 re
262 2467 385 2558 debent
400 2479 570 2573 Domini,
587 2497 623 2560 et
643 2473 828 2591 placitare
847 2470 1004 2584 meunt,
1025 2478 1065 2570 in
1076 2469 1314 2590 prosequendo
1328 2494 1367 2555 et
1378 2476 1504 2589 asqui-

194 2581 325 2690 rendo,
335 2585 377 2692 st
392 2589 511 2699 emifflo
517 2593 667 2694 fuerit,
688 2585 731 2676 de
751 2611 873 2686 aetate
886 2603 1014 2671 eontra
1028 2591 1221 2686 minorem,
1241 2591 1415 2702 exceptio.
1434 2589 1506 2669 ne-

183 2695 354 2812 spondere
365 2725 482 2788 autem
504 2732 571 2788 non
588 2726 779 2788 teneantur
795 2725 864 2817 pro
874 2703 952 2804 iliis
965 2705 1006 2784 iu
1025 2699 1173 2834 aliqua,
1187 2729 1249 2786 nee
1265 2699 1307 2784 de
1322 2698 1420 2783 redo
1438 2694 1507 2783 nec¹

194 2809 384 2920 desostna,
399 2816 496 2902 etin
513 2811 851 2904 annotationibus
867 2813 998 2900 textui
1010 2812 1177 2898 addntis:
1210 2814 1349 2928 Regma
1408 2817 1506 2924 ima:

193 2927 373 3012 Damimts
387 2929 554 3043 capitalis
572 2927 679 3016 babet
699 2929 849 3014 tutelam
871 2952 908 3013 et
927 2913 1114 3031 custodiam
1127 2930 1339 3039 corporiss'p
1353 2921 1506 3006 risehae·

184 3033 295 3122 'redis
317 3061 574 3150 etterrarum,
598 3041 771 3130 secunda
784 3039 949 3156 regula:
977 3044 1154 3127 Dominus
1163 3034 1503 3153 potelionmesjru·

125 3179 133 3202 “
194 3149 274 3240 etas
295 3176 332 3238 et
353 3153 582 3239 emolnautnta
606 3165 792 3276 persipere
812 3185 861 3240 ese
882 3153 1166 3241 haereditarent
1186 3157 1321 3247 terris,
1351 3145 1502 3234 durante

196 3287 352 3379 teutpert
383 3263 585 3373 Wardae,
613 3269 800 3387 adipsum
836 3265 1020 3353 haeredem
1054 3261 1329 3383 pertinentibus,
1351 3287 1499 3378 quorum

198 3383 368 3484 omnium,
387 3377 504 3466 eodem
526 3379 639 3490 modo,
659 3410 728 3502 quo
740 3375 863 3470 rernm
874 3379 1093 3486 maruntii
1115 3377 1273 3463 dominus
1285 3401 1323 3463 et
1342 3371 1501 3475 arbiter,

198 3511 309 3606 eaque
328 3489 438 3582 libere
451 3503 590 3595 omnia,
604 3521 646 3583 vt
661 3497 834 3600 valamir,
856 3491 1037 3610 disponere
1053 3490 1182 3612 potest.

725 3638 780 3740 a.
837 3629 944 3716 xlv.

107 3841 109 3849 ,
242 3813 264 3859 s
314 3755 426 3842 Cum
446 3783 544 3842 vero
562 3754 770 3844 interdum
793 3753 968 3841 domino
990 3753 1213 3857 imereiiess
1243 3747 1317 3834 sebi
1346 3749 1508 3838 seruitia

198 3869 342 3983 potius
374 3865 579 3975 exhiberi,
611 3900 734 3986 quam
758 3867 915 3956 fruiius
938 3870 1119 3986 relinqui
1142 3861 1353 3974 feudales3
1378 3867 1509 3976 impe·

760 3987 911 4104 Gggg
938 4006 968 4077 2
1446 4004 1507 4064 rat

247 4181 295 4278 (t)
318 4179 449 4258 Lib.11.
473 4178 627 4262 CXLII.
649 4177 757 4281 p.'55.
1500 4155 1506 4161 ’
1580 4139 1586 4150 “
