3734 4734
305 204 378 284 330
594 181 667 287 Cap
680 181 739 262 IV.
761 183 938 260 Detuetu
950 175 1118 284 tumetum
1136 204 1329 264 exterorum.

425 495 494 580 De
513 513 565 582 eo
586 497 710 584 etiam
735 497 792 612 est
814 489 1131 610 dispiciendum,
1154 525 1204 584 art
1220 498 1381 614 pupillo
1397 495 1543 584 illustri
1559 507 1623 584 tu

313 628 385 700 tor
415 609 493 695 effe
514 613 641 724 possrt
662 615 858 726 priuatus.
926 615 1116 726 Plerique
1142 611 1412 700 lureconfulti
1436 621 1488 722 (t)
1521 607 1625 697 illud

316 724 491 813 omnino
521 724 765 826 adfirmant,
788 753 837 810 ex
860 753 905 812 ea
928 729 1107 826 ratione,
1130 729 1244 840 quod
1257 727 1438 841 respeuu
1455 726 1627 842 admini-

315 839 520 927 strationis
542 842 716 940 tutelae,
737 843 844 926 iuter
866 842 1039 928 illustres
1061 865 1102 929 et
1124 843 1218 928 alias
1240 847 1428 958 perlonas
1441 840 1568 928 -nulla
1581 839 1628 925 lit

317 954 423 1042 ratio
443 950 699 1044 diuerlitatie
751 954 936 1055 Deinde,
972 956 1089 1068 quod
1112 958 1251 1046 seruus
1276 960 1397 1044 etiam
1420 959 1513 1044 Iure
1543 957 1625 1039 Ro·

317 1093 441 1156 mano
464 1095 536 1182 per
557 1068 714 1160 tabulas
732 1089 849 1156 tutor
872 1069 957 1156 dui
1011 1070 1198 1176 otuillet,
1222 1099 1300 1160 nee
1329 1067 1447 1156 vllibi
1467 1071 1514 1156 fit
1528 1095 1625 1182 pto·

316 1181 514 1283 bibitum,
529 1187 714 1296 priuatos
729 1183 955 1270 illustubus
1031 1185 1245 1272 itutores.
1273 1189 1409 1272 lmmo
1428 1207 1628 1297 magnum

318 1299 375 1388 in'
391 1299 629 1410 principum
661 1299 805 1386 tutelis
833 1300 974 1386 versari
999 1299 1254 1413 periculum,
1282 1323 1327 1386 vt
1350 1301 1446 1386 ideo
1478 1297 1626 1410 priuati

171 1507 179 1518 ⁸
320 1439 493 1524 quoque
518 1413 567 1502 ad
595 1413 757 1501 easdem
781 1413 856 1501 fint
875 1413 1131 1501 admittendi.
1184 1419 1371 1514 Verum,
1409 1415 1526 1498 aliam
1550 1411 1627 1496 esse

320 1527 525 1627 rationem
541 1529 692 1616 tutelae
717 1529 936 1616 illustrium
964 1557 1010 1617 ac
1039 1531 1311 1642 priuatorum,
1331 1531 1437 1615 varia
1459 1555 1538 1614 nos
1555 1525 1628 1610 do-

325 1660 442 1742 cent,
470 1666 513 1728 et
538 1646 711 1730 illustres
742 1672 828 1729 non
856 1642 1080 1754 vbique'ad
1104 1641 1465 1757 iurisprudentiam
1499 1643 1632 1754 priua·

321 1777 423 1852 tam,
445 1760 620 1844 maxime
641 1756 712 1842 vbi
726 1755 967 1844 diuetsrtatis
983 1760 1088 1844 ratio
1106 1761 1174 1856 est,
1191 1760 1283 1846 sunt
1297 1755 1481 1844 adstrldi.
1511 1759 1628 1864 Hunc

324 1895 424 1954 veto
440 1875 576 1983 quoad
591 1871 981 1960 administrationem
997 1871 1149 1960 tutelae
1165 1875 1339 1960 omnino
1355 1869 1629 1959 obseruamt'u.

323 1982 504 2070 illustres
534 1989 647 2074 enim
670 1987 736 2073 vel
758 1987 932 2099 supremi
955 1988 1056 2073 iuris
1077 1988 1189 2086 suut,
1220 1987 1284 2074 vel
1307 1991 1429 2072 status
1450 1985 1631 2100 imperii,

325 2097 392 2184 vel
411 2101 535 2185 etiam
551 2101 724 2187 illustres
747 2099 915 2186 mediati
933 2125 974 2186 et
999 2099 1225 2192 Landlasfii.
1307 2105 1500 2209 Priorum
1525 2123 1630 2186 tute·

325 2211 409 2298 lam
424 2217 631 2326 priuatum
658 2217 831 2303 minime
855 2241 1000 2330 gerere
1028 2218 1162 2328 polle,
1200 2213 1299 2302 dum
1325 2217 1563 2304 audioritai'e
1584 2213 1632 2300 rit

323 2328 563 2431 destitutus,
589 2359 664 2418 nee
686 2334 777 2418 luta
793 2330 994 2418 Gentium
1011 2357 1197 2418 exercere
1210 2333 1356 2444 posit,
1371 2332 1492 2417 laeile
1510 2350 1631 2443 patet.

326 2447 416 2530 Nec
440 2448 624 2557 priuatus
641 2447 842 2558 Principis
862 2467 904 2531 et
916 2449 1038 2531 status
1062 2442 1226 2557 lmp'erii
1242 2468 1359 2532 tutor
1372 2447 1447 2533 elle
1464 2446 1631 2558 poterit,

326 2557 431 2645 dum
447 2586 523 2645 net
540 2559 628 2644 iura
652 2561 853 2646 Gentitmr
870 2587 947 2645 nec
970 2561 1062 2645 luri
1076 2561 1274 2648 territorii
1290 2565 1418 2697 possrt
1432 2563 1632 2647 exercere.
1682 2607 1689 2616 ·

310 2677 381 2762 Et
400 2673 500 2760 licet
516 2675 560 2758 in
577 2698 733 2762 camera
757 2668 956 2771 obtineat,
979 2671 1093 2784 quod
1106 2677 1286 2762 Tutores
1300 2675 1634 2762 rmmedia'torum

328 2814 419 2876 non
441 2815 568 2900 aeque
584 2787 755 2874 debeant
771 2790 847 2873 else
862 2787 1109 2886 immediati,
1136 2789 1219 2874 hoc
1244 2813 1379 2879 tumen
1399 2791 1532 2877 'lrltim
1560 2813 1634 2875 no*-
1682 2835 1690 2845 ·

331 2899 437 2990 biles
462 2903 722 2990 immediatos
749 2903 977 2990 concernit.
1036 2905 1172 2994 lmmo
1209 2901 1453 2992 Marchioni'
1471 2901 1634 2990 Badensr

324 3028 380 3106 'ex
402 3022 641 3106 testamento
656 3041 824 3131 patemo
849 3015 1111 3104 cancellarius
1137 3015 1254 3104 datus
1272 3017 1363 3105 fuit·
1379 3043 1515 3117 tutor,
1538 3019 1637 3104 licet

331 3135 555 3230 mediatus,
570 3131 765 3242 idemque
781 3133 981 3217 aCrmera
997 3131 1077 3216 fuit
1102 3129 1366 3220 confirmatus
1391 3139 1477 3242 (u);
1497 3135 1563 3216 le
1581 3155 1637 3217 τῇ,

332 3279 429 3341 men
444 3245 795 3346 est'credeud'um,
815 3245 938 3333 illum
955 3245 1076 3334 fuitle
1091 3269 1270 3338 tutorem
1285 3249 1540 3373 primarium.
1585 3247 1637 3446 {it

1459 3441 1464 3450 ,
1606 3386 1639 3445 r·
1672 3437 1681 3446 .

382 3594 429 3673 (t)
453 3597 602 3652 eruet.
622 3575 726 3651 Deris.
743 3577 846 3652 CXX
866 3603 1087 3654 urvuuru.
1122 3577 1164 3652 ad
1189 3583 1213 3654 l.
1234 3553 1292 3654 10·-
1312 3607 1351 3654 π.
1386 3581 1426 3652 de
1459 3581 1638 3676 Tejlanunr.
1663 3563 1666 3568 ’

444 3679 697 3853 τιιτιὶέἰῧζϊιειι
713 3677 768 3758 rb¹
780 3704 1032 3754 rudeuercrr
1056 3679 1095 3753 de
1109 3682 1248 3780 Princip.
1268 3699 1299 3752 et
1314 3683 1397 3756 Stat.
1415 3685 1546 3783 Imperii
1571 3709 1604 3782 p.
1615 3683 1640 3756 1.

324 3820 329 3831 ‚
448 3807 477 3857 c.
548 3801 738 3853 ·.n.11.

364 3901 657 4006 ‚(u)·Adlegante
685 3921 778 3970 unu.
810 3921 1051 3972 crrurmuo
1086 3895 1223 3993 Quaest.
1247 3898 1280 3972 in
1313 3903 1382 3974 iure
1410 3896 1641 3976 Controuersrs
1730 3941 1737 3951 -

442 4003 545 4076 verbo
562 4024 652 4076 tutor
671 4019 796 4097 p.347.
818 4024 958 4074 urere
974 3997 1015 4073 ab
1036 4021 1276 4074 terruerim
1298 4003 1337 4080 de
1351 4006 1493 4106 Princip.
1518 4003 1639 4097 etStat.

444 4109 521 4207 Imp.
547 4101 786 4201 ulexxrx.
809 4098 910 4192 513.
1005 4150 1010 4158 .
